"@article{RN75,"
"   author = {Abdelaal, T. and Michielsen, L. and Cats, D. and Hoogduin, D. and Mei, H. and Reinders, M. J. T. and Mahfouz, A.},"
"   title = {A comparison of automatic cell identification methods for single-cell RNA sequencing data},"
"   journal = {Genome Biol},"
"   volume = {20},"
"   number = {1},"
"   pages = {194},"
   ISSN = {1474-760X (Electronic)
"1474-7596 (Linking)},"
"   DOI = {10.1186/s13059-019-1795-z},"
"   url = {https://www.ncbi.nlm.nih.gov/pubmed/31500660},"
"   year = {2019},"
   type = {Journal Article}
}

"@article{RN252,"
"   author = {Aibar, S. and Gonzalez-Blas, C. B. and Moerman, T. and Huynh-Thu, V. A. and Imrichova, H. and Hulselmans, G. and Rambow, F. and Marine, J. C. and Geurts, P. and Aerts, J. and van den Oord, J. and Atak, Z. K. and Wouters, J. and Aerts, S.},"
"   title = {SCENIC: single-cell regulatory network inference and clustering},"
"   journal = {Nat Methods},"
"   volume = {14},"
"   number = {11},"
"   pages = {1083-1086},"
   ISSN = {1548-7105 (Electronic)
"1548-7091 (Linking)},"
"   DOI = {10.1038/nmeth.4463},"
"   url = {https://www.ncbi.nlm.nih.gov/pubmed/28991892},"
"   year = {2017},"
   type = {Journal Article}
}

"@article{RN195,"
"   author = {Alavi, A. and Ruffalo, M. and Parvangada, A. and Huang, Z. and Bar-Joseph, Z.},"
"   title = {A web server for comparative analysis of single-cell RNA-seq data},"
"   journal = {Nat Commun},"
"   volume = {9},"
"   number = {1},"
"   pages = {4768},"
   ISSN = {2041-1723 (Electronic)
"2041-1723 (Linking)},"
"   DOI = {10.1038/s41467-018-07165-2},"
"   url = {https://www.ncbi.nlm.nih.gov/pubmed/30425249},"
"   year = {2018},"
   type = {Journal Article}
}

"@article{RN76,"
"   author = {Amodio, M. and van Dijk, D. and Srinivasan, K. and Chen, W. S. and Mohsen, H. and Moon, K. R. and Campbell, A. and Zhao, Y. and Wang, X. and Venkataswamy, M. and Desai, A. and Ravi, V. and Kumar, P. and Montgomery, R. and Wolf, G. and Krishnaswamy, S.},"
"   title = {Exploring single-cell data with deep multitasking neural networks},"
"   journal = {Nat Methods},"
"   volume = {16},"
"   number = {11},"
"   pages = {1139-1145},"
   ISSN = {1548-7105 (Electronic)
"1548-7091 (Linking)},"
"   DOI = {10.1038/s41592-019-0576-7},"
"   url = {https://www.ncbi.nlm.nih.gov/pubmed/31591579},"
"   year = {2019},"
   type = {Journal Article}
}

"@article{RN249,"
"   author = {Aran, D. and Hu, Z. and Butte, A. J.},"
"   title = {xCell: digitally portraying the tissue cellular heterogeneity landscape},"
"   journal = {Genome Biol},"
"   volume = {18},"
"   number = {1},"
"   pages = {220},"
   ISSN = {1474-760X (Electronic)
"1474-7596 (Linking)},"
"   DOI = {10.1186/s13059-017-1349-1},"
"   url = {https://www.ncbi.nlm.nih.gov/pubmed/29141660},"
"   year = {2017},"
   type = {Journal Article}
}

"@article{RN77,"
"   author = {Argelaguet, R. and Arnol, D. and Bredikhin, D. and Deloro, Y. and Velten, B. and Marioni, J. C. and Stegle, O.},"
"   title = {MOFA+: a statistical framework for comprehensive integration of multi-modal single-cell data},"
"   journal = {Genome Biol},"
"   volume = {21},"
"   number = {1},"
"   pages = {111},"
   ISSN = {1474-760X (Electronic)
"1474-7596 (Linking)},"
"   DOI = {10.1186/s13059-020-02015-1},"
"   url = {https://www.ncbi.nlm.nih.gov/pubmed/32393329},"
"   year = {2020},"
   type = {Journal Article}
}

"@article{RN46,"
"   author = {Arisdakessian, C. and Poirion, O. and Yunits, B. and Zhu, X. and Garmire, L. X.},"
"   title = {DeepImpute: an accurate, fast, and scalable deep neural network method to impute single-cell RNA-seq data},"
"   journal = {Genome Biol},"
"   volume = {20},"
"   number = {1},"
"   pages = {211},"
   ISSN = {1474-760X (Electronic)
"1474-7596 (Linking)},"
"   DOI = {10.1186/s13059-019-1837-6},"
"   url = {https://www.ncbi.nlm.nih.gov/pubmed/31627739},"
"   year = {2019},"
   type = {Journal Article}
}

"@article{RN205,"
"   author = {Azizi, E. and Carr, A. J. and Plitas, G. and Cornish, A. E. and Konopacki, C. and Prabhakaran, S. and Nainys, J. and Wu, K. and Kiseliovas, V. and Setty, M. and Choi, K. and Fromme, R. M. and Dao, P. and McKenney, P. T. and Wasti, R. C. and Kadaveru, K. and Mazutis, L. and Rudensky, A. Y. and Pe'er, D.},"
"   title = {Single-Cell Map of Diverse Immune Phenotypes in the Breast Tumor Microenvironment},"
"   journal = {Cell},"
"   volume = {174},"
"   number = {5},"
"   pages = {1293-1308 e36},"
   ISSN = {1097-4172 (Electronic)
"0092-8674 (Linking)},"
"   DOI = {10.1016/j.cell.2018.05.060},"
"   url = {https://www.ncbi.nlm.nih.gov/pubmed/29961579},"
"   year = {2018},"
   type = {Journal Article}
}

"@article{RN184,"
"   author = {Badsha, M. B. and Li, R. and Liu, B. and Li, Y. I. and Xian, M. and Banovich, N. E. and Fu, A. Q.},"
"   title = {Imputation of single-cell gene expression with an autoencoder neural network},"
"   journal = {Quant Biol},"
"   volume = {8},"
"   number = {1},"
"   pages = {78-94},"
   ISSN = {2095-4689 (Print)
"2095-4689 (Linking)},"
"   DOI = {10.1007/s40484-019-0192-7},"
"   url = {https://www.ncbi.nlm.nih.gov/pubmed/32274259},"
"   year = {2020},"
   type = {Journal Article}
}

"@article{RN210,"
"   author = {Baron, M. and Veres, A. and Wolock, S. L. and Faust, A. L. and Gaujoux, R. and Vetere, A. and Ryu, J. H. and Wagner, B. K. and Shen-Orr, S. S. and Klein, A. M. and Melton, D. A. and Yanai, I.},"
"   title = {A Single-Cell Transcriptomic Map of the Human and Mouse Pancreas Reveals Inter- and Intra-cell Population Structure},"
"   journal = {Cell Syst},"
"   volume = {3},"
"   number = {4},"
"   pages = {346-360 e4},"
   ISSN = {2405-4712 (Print)
"2405-4712 (Linking)},"
"   DOI = {10.1016/j.cels.2016.08.011},"
"   url = {https://www.ncbi.nlm.nih.gov/pubmed/27667365},"
"   year = {2016},"
   type = {Journal Article}
}

"@article{RN247,"
"   author = {Becht, E. and Giraldo, N. A. and Lacroix, L. and Buttard, B. and Elarouci, N. and Petitprez, F. and Selves, J. and Laurent-Puig, P. and Sautes-Fridman, C. and Fridman, W. H. and de Reynies, A.},"
"   title = {Estimating the population abundance of tissue-infiltrating immune and stromal cell populations using gene expression},"
"   journal = {Genome Biol},"
"   volume = {17},"
"   number = {1},"
"   pages = {218},"
   ISSN = {1474-760X (Electronic)
"1474-7596 (Linking)},"
"   DOI = {10.1186/s13059-016-1070-5},"
"   url = {https://www.ncbi.nlm.nih.gov/pubmed/27765066},"
"   year = {2016},"
   type = {Journal Article}
}

"@article{RN35,"
"   author = {Becht, E. and McInnes, L. and Healy, J. and Dutertre, C. A. and Kwok, I. W. H. and Ng, L. G. and Ginhoux, F. and Newell, E. W.},"
"   title = {Dimensionality reduction for visualizing single-cell data using UMAP},"
"   journal = {Nat Biotechnol},"
   ISSN = {1546-1696 (Electronic)
"1087-0156 (Linking)},"
"   DOI = {10.1038/nbt.4314},"
"   url = {https://www.ncbi.nlm.nih.gov/pubmed/30531897},"
"   year = {2018},"
   type = {Journal Article}
}

"@article{RN154,"
"   author = {Bernstein, N. J. and Fong, N. L. and Lam, I. and Roy, M. A. and Hendrickson, D. G. and Kelley, D. R.},"
"   title = {Solo: Doublet Identification in Single-Cell RNA-Seq via Semi-Supervised Deep Learning},"
"   journal = {Cell Syst},"
"   volume = {11},"
"   number = {1},"
"   pages = {95-101 e5},"
   ISSN = {2405-4720 (Electronic)
"2405-4712 (Linking)},"
"   DOI = {10.1016/j.cels.2020.05.010},"
"   url = {https://www.ncbi.nlm.nih.gov/pubmed/32592658},"
"   year = {2020},"
   type = {Journal Article}
}

"@article{RN116,"
"   author = {Berthelot, D., Schumm, T. and Metz, L.},"
"   title = {BEGAN: Boundary Equilibrium Generative Adversarial Networks},"
"   journal = {arXiv},"
"   year = {2017},"
   type = {Journal Article}
}

"@article{RN230,"
"   author = {Biase, F. H. and Cao, X. and Zhong, S.},"
"   title = {Cell fate inclination within 2-cell and 4-cell mouse embryos revealed by single-cell RNA sequencing},"
"   journal = {Genome Res},"
"   volume = {24},"
"   number = {11},"
"   pages = {1787-96},"
   ISSN = {1549-5469 (Electronic)
"1088-9051 (Linking)},"
"   DOI = {10.1101/gr.177725.114},"
"   url = {https://www.ncbi.nlm.nih.gov/pubmed/25096407},"
"   year = {2014},"
   type = {Journal Article}
}

"@article{RN1,"
"   author = {Blinka, S. and Reimer, M. H., Jr. and Pulakanti, K. and Pinello, L. and Yuan, G. C. and Rao, S.},"
"   title = {Identification of Transcribed Enhancers by Genome-Wide Chromatin Immunoprecipitation Sequencing},"
"   journal = {Methods Mol Biol},"
"   volume = {1468},"
"   pages = {91-109},"
   ISSN = {1940-6029 (Electronic)
"1064-3745 (Linking)},"
"   DOI = {10.1007/978-1-4939-4035-6_8},"
"   url = {https://www.ncbi.nlm.nih.gov/pubmed/27662872},"
"   year = {2017},"
   type = {Journal Article}
}

"@article{RN185,"
"   author = {Borgwardt, K. M. and Gretton, A. and Rasch, M. J. and Kriegel, H. P. and Scholkopf, B. and Smola, A. J.},"
"   title = {Integrating structured biological data by Kernel Maximum Mean Discrepancy},"
"   journal = {Bioinformatics},"
"   volume = {22},"
"   number = {14},"
"   pages = {e49-57},"
   ISSN = {1367-4811 (Electronic)
"1367-4803 (Linking)},"
"   DOI = {10.1093/bioinformatics/btl242},"
"   url = {https://www.ncbi.nlm.nih.gov/pubmed/16873512},"
"   year = {2006},"
   type = {Journal Article}
}

"@article{RN78,"
"   author = {Bost, P. and Giladi, A. and Liu, Y. and Bendjelal, Y. and Xu, G. and David, E. and Blecher-Gonen, R. and Cohen, M. and Medaglia, C. and Li, H. and Deczkowska, A. and Zhang, S. and Schwikowski, B. and Zhang, Z. and Amit, I.},"
"   title = {Host-Viral Infection Maps Reveal Signatures of Severe COVID-19 Patients},"
"   journal = {Cell},"
"   volume = {181},"
"   number = {7},"
"   pages = {1475-1488 e12},"
   ISSN = {1097-4172 (Electronic)
"0092-8674 (Linking)},"
"   DOI = {10.1016/j.cell.2020.05.006},"
"   url = {https://www.ncbi.nlm.nih.gov/pubmed/32479746},"
"   year = {2020},"
   type = {Journal Article}
}

"@article{RN229,"
"   author = {Buettner, F. and Natarajan, K. N. and Casale, F. P. and Proserpio, V. and Scialdone, A. and Theis, F. J. and Teichmann, S. A. and Marioni, J. C. and Stegle, O.},"
"   title = {Computational analysis of cell-to-cell heterogeneity in single-cell RNA-sequencing data reveals hidden subpopulations of cells},"
"   journal = {Nat Biotechnol},"
"   volume = {33},"
"   number = {2},"
"   pages = {155-60},"
   ISSN = {1546-1696 (Electronic)
"1087-0156 (Linking)},"
"   DOI = {10.1038/nbt.3102},"
"   url = {https://www.ncbi.nlm.nih.gov/pubmed/25599176},"
"   year = {2015},"
   type = {Journal Article}
}

"@article{RN79,"
"   author = {Butler, A. and Hoffman, P. and Smibert, P. and Papalexi, E. and Satija, R.},"
"   title = {Integrating single-cell transcriptomic data across different conditions, technologies, and species},"
"   journal = {Nat Biotechnol},"
"   volume = {36},"
"   number = {5},"
"   pages = {411-420},"
   ISSN = {1546-1696 (Electronic)
"1087-0156 (Linking)},"
"   DOI = {10.1038/nbt.4096},"
"   url = {https://www.ncbi.nlm.nih.gov/pubmed/29608179},"
"   year = {2018},"
   type = {Journal Article}
}

"@article{RN105,"
"   author = {Buttner, M. and Miao, Z. and Wolf, F. A. and Teichmann, S. A. and Theis, F. J.},"
"   title = {A test metric for assessing single-cell RNA-seq batch correction},"
"   journal = {Nat Methods},"
"   volume = {16},"
"   number = {1},"
"   pages = {43-49},"
   ISSN = {1548-7105 (Electronic)
"1548-7091 (Linking)},"
"   DOI = {10.1038/s41592-018-0254-1},"
"   url = {https://www.ncbi.nlm.nih.gov/pubmed/30573817},"
"   year = {2019},"
   type = {Journal Article}
}

"@article{RN208,"
"   author = {Camp, J. G. and Sekine, K. and Gerber, T. and Loeffler-Wirth, H. and Binder, H. and Gac, M. and Kanton, S. and Kageyama, J. and Damm, G. and Seehofer, D. and Belicova, L. and Bickle, M. and Barsacchi, R. and Okuda, R. and Yoshizawa, E. and Kimura, M. and Ayabe, H. and Taniguchi, H. and Takebe, T. and Treutlein, B.},"
"   title = {Multilineage communication regulates human liver bud development from pluripotency},"
"   journal = {Nature},"
"   volume = {546},"
"   number = {7659},"
"   pages = {533-538},"
   ISSN = {1476-4687 (Electronic)
"0028-0836 (Linking)},"
"   DOI = {10.1038/nature22796},"
"   url = {https://www.ncbi.nlm.nih.gov/pubmed/28614297},"
"   year = {2017},"
   type = {Journal Article}
}

"@article{RN243,"
"   author = {Cao, J. and Packer, J. S. and Ramani, V. and Cusanovich, D. A. and Huynh, C. and Daza, R. and Qiu, X. and Lee, C. and Furlan, S. N. and Steemers, F. J. and Adey, A. and Waterston, R. H. and Trapnell, C. and Shendure, J.},"
"   title = {Comprehensive single-cell transcriptional profiling of a multicellular organism},"
"   journal = {Science},"
"   volume = {357},"
"   number = {6352},"
"   pages = {661-667},"
   ISSN = {1095-9203 (Electronic)
"0036-8075 (Linking)},"
"   DOI = {10.1126/science.aam8940},"
"   url = {https://www.ncbi.nlm.nih.gov/pubmed/28818938},"
"   year = {2017},"
   type = {Journal Article}
}

"@article{RN232,"
"   author = {Cao, J. and Spielmann, M. and Qiu, X. and Huang, X. and Ibrahim, D. M. and Hill, A. J. and Zhang, F. and Mundlos, S. and Christiansen, L. and Steemers, F. J. and Trapnell, C. and Shendure, J.},"
"   title = {The single-cell transcriptional landscape of mammalian organogenesis},"
"   journal = {Nature},"
"   volume = {566},"
"   number = {7745},"
"   pages = {496-502},"
   ISSN = {1476-4687 (Electronic)
"0028-0836 (Linking)},"
"   DOI = {10.1038/s41586-019-0969-x},"
"   url = {https://www.ncbi.nlm.nih.gov/pubmed/30787437},"
"   year = {2019},"
   type = {Journal Article}
}

"@article{RN80,"
"   author = {Chen, G. and Ning, B. and Shi, T.},"
"   title = {Single-Cell RNA-Seq Technologies and Related Computational Data Analysis},"
"   journal = {Front Genet},"
"   volume = {10},"
"   pages = {317},"
   ISSN = {1664-8021 (Print)
"1664-8021 (Linking)},"
"   DOI = {10.3389/fgene.2019.00317},"
"   url = {https://www.ncbi.nlm.nih.gov/pubmed/31024627},"
"   year = {2019},"
   type = {Journal Article}
}

"@article{RN219,"
"   author = {Chevrier, S. and Levine, J. H. and Zanotelli, V. R. T. and Silina, K. and Schulz, D. and Bacac, M. and Ries, C. H. and Ailles, L. and Jewett, M. A. S. and Moch, H. and van den Broek, M. and Beisel, C. and Stadler, M. B. and Gedye, C. and Reis, B. and Pe'er, D. and Bodenmiller, B.},"
"   title = {An Immune Atlas of Clear Cell Renal Cell Carcinoma},"
"   journal = {Cell},"
"   volume = {169},"
"   number = {4},"
"   pages = {736-749 e18},"
   ISSN = {1097-4172 (Electronic)
"0092-8674 (Linking)},"
"   DOI = {10.1016/j.cell.2017.04.016},"
"   url = {https://www.ncbi.nlm.nih.gov/pubmed/28475899},"
"   year = {2017},"
   type = {Journal Article}
}

"@article{RN211,"
"   author = {Chu, L. F. and Leng, N. and Zhang, J. and Hou, Z. and Mamott, D. and Vereide, D. T. and Choi, J. and Kendziorski, C. and Stewart, R. and Thomson, J. A.},"
"   title = {Single-cell RNA-seq reveals novel regulators of human embryonic stem cell differentiation to definitive endoderm},"
"   journal = {Genome Biol},"
"   volume = {17},"
"   number = {1},"
"   pages = {173},"
   ISSN = {1474-760X (Electronic)
"1474-7596 (Linking)},"
"   DOI = {10.1186/s13059-016-1033-x},"
"   url = {https://www.ncbi.nlm.nih.gov/pubmed/27534536},"
"   year = {2016},"
   type = {Journal Article}
}

"@article{RN220,"
"   author = {Chung, W. and Eum, H. H. and Lee, H. O. and Lee, K. M. and Lee, H. B. and Kim, K. T. and Ryu, H. S. and Kim, S. and Lee, J. E. and Park, Y. H. and Kan, Z. and Han, W. and Park, W. Y.},"
"   title = {Single-cell RNA-seq enables comprehensive tumour and immune cell profiling in primary breast cancer},"
"   journal = {Nat Commun},"
"   volume = {8},"
"   pages = {15081},"
   ISSN = {2041-1723 (Electronic)
"2041-1723 (Linking)},"
"   DOI = {10.1038/ncomms15081},"
"   url = {https://www.ncbi.nlm.nih.gov/pubmed/28474673},"
"   year = {2017},"
   type = {Journal Article}
}

"@article{RN10,"
"   author = {Consortium, Encode Project},"
"   title = {An integrated encyclopedia of DNA elements in the human genome},"
"   journal = {Nature},"
"   volume = {489},"
"   number = {7414},"
"   pages = {57-74},"
   ISSN = {1476-4687 (Electronic)
"0028-0836 (Linking)},"
"   DOI = {10.1038/nature11247},"
"   url = {https://www.ncbi.nlm.nih.gov/pubmed/22955616},"
"   year = {2012},"
   type = {Journal Article}
}

"@book{RN250,"
"   author = {Cover, Thomas M},"
"   title = {Elements of information theory},"
"   publisher = {John Wiley & Sons},"
"   ISBN = {8126508140},"
"   year = {1999},"
   type = {Book}
}

"@article{RN186,"
"   author = {Crow, M. and Paul, A. and Ballouz, S. and Huang, Z. J. and Gillis, J.},"
"   title = {Characterizing the replicability of cell types defined by single cell RNA-sequencing data using MetaNeighbor},"
"   journal = {Nat Commun},"
"   volume = {9},"
"   number = {1},"
"   pages = {884},"
   ISSN = {2041-1723 (Electronic)
"2041-1723 (Linking)},"
"   DOI = {10.1038/s41467-018-03282-0},"
"   url = {https://www.ncbi.nlm.nih.gov/pubmed/29491377},"
"   year = {2018},"
   type = {Journal Article}
}

"@article{RN212,"
"   author = {Darmanis, S. and Sloan, S. A. and Zhang, Y. and Enge, M. and Caneda, C. and Shuer, L. M. and Hayden Gephart, M. G. and Barres, B. A. and Quake, S. R.},"
"   title = {A survey of human brain transcriptome diversity at the single cell level},"
"   journal = {Proc Natl Acad Sci U S A},"
"   volume = {112},"
"   number = {23},"
"   pages = {7285-90},"
   ISSN = {1091-6490 (Electronic)
"0027-8424 (Linking)},"
"   DOI = {10.1073/pnas.1507125112},"
"   url = {https://www.ncbi.nlm.nih.gov/pubmed/26060301},"
"   year = {2015},"
   type = {Journal Article}
}

"@article{RN11,"
"   author = {Davis, C. A. and Hitz, B. C. and Sloan, C. A. and Chan, E. T. and Davidson, J. M. and Gabdank, I. and Hilton, J. A. and Jain, K. and Baymuradov, U. K. and Narayanan, A. K. and Onate, K. C. and Graham, K. and Miyasato, S. R. and Dreszer, T. R. and Strattan, J. S. and Jolanki, O. and Tanaka, F. Y. and Cherry, J. M.},"
"   title = {The Encyclopedia of DNA elements (ENCODE): data portal update},"
"   journal = {Nucleic Acids Res},"
"   volume = {46},"
"   number = {D1},"
"   pages = {D794-D801},"
   ISSN = {1362-4962 (Electronic)
"0305-1048 (Linking)},"
"   DOI = {10.1093/nar/gkx1081},"
"   url = {https://www.ncbi.nlm.nih.gov/pubmed/29126249},"
"   year = {2018},"
   type = {Journal Article}
}

"@article{RN242,"
"   author = {Deng, Q. and Ramskold, D. and Reinius, B. and Sandberg, R.},"
"   title = {Single-cell RNA-seq reveals dynamic, random monoallelic gene expression in mammalian cells},"
"   journal = {Science},"
"   volume = {343},"
"   number = {6167},"
"   pages = {193-6},"
   ISSN = {1095-9203 (Electronic)
"0036-8075 (Linking)},"
"   DOI = {10.1126/science.1245316},"
"   url = {https://www.ncbi.nlm.nih.gov/pubmed/24408435},"
"   year = {2014},"
   type = {Journal Article}
}

"@article{RN152,"
"   author = {Deng, Y. and Bao, F. and Dai, Q. and Wu, L. F. and Altschuler, S. J.},"
"   title = {Scalable analysis of cell-type composition from single-cell transcriptomics using deep recurrent learning},"
"   journal = {Nat Methods},"
"   volume = {16},"
"   number = {4},"
"   pages = {311-314},"
   ISSN = {1548-7105 (Electronic)
"1548-7091 (Linking)},"
"   DOI = {10.1038/s41592-019-0353-7},"
"   url = {https://www.ncbi.nlm.nih.gov/pubmed/30886411},"
"   year = {2019},"
   type = {Journal Article}
}

"@article{RN127,"
"   author = {Ding, J. and Condon, A. and Shah, S. P.},"
"   title = {Interpretable dimensionality reduction of single cell transcriptome data with deep generative models},"
"   journal = {Nat Commun},"
"   volume = {9},"
"   number = {1},"
"   pages = {2002},"
   ISSN = {2041-1723 (Electronic)
"2041-1723 (Linking)},"
"   DOI = {10.1038/s41467-018-04368-5},"
"   url = {https://www.ncbi.nlm.nih.gov/pubmed/29784946},"
"   year = {2018},"
   type = {Journal Article}
}

"@article{RN165,"
"   author = {Dong, Z. and Alterovitz, G.},"
"   title = {netAE: semi-supervised dimensionality reduction of single-cell RNA sequencing to facilitate cell labeling},"
"   journal = {Bioinformatics},"
"   volume = {37},"
"   number = {1},"
"   pages = {43-49},"
   ISSN = {1367-4811 (Electronic)
"1367-4803 (Linking)},"
"   DOI = {10.1093/bioinformatics/btaa669},"
"   url = {https://www.ncbi.nlm.nih.gov/pubmed/32726427},"
"   year = {2021},"
   type = {Journal Article}
}

"@article{RN201,"
"   author = {Duvenaud, D., et al.},"
"   title = {Advances in Neural Information Processing Systems 28},"
"   pages = {2224-2232},"
"   year = {2015},"
   type = {Journal Article}
}

"@article{RN81,"
"   author = {Eisenstein, M.},"
"   title = {Single-cell RNA-seq analysis software providers scramble to offer solutions},"
"   journal = {Nat Biotechnol},"
"   volume = {38},"
"   number = {3},"
"   pages = {254-257},"
   ISSN = {1546-1696 (Electronic)
"1087-0156 (Linking)},"
"   DOI = {10.1038/s41587-020-0449-8},"
"   url = {https://www.ncbi.nlm.nih.gov/pubmed/32152578},"
"   year = {2020},"
   type = {Journal Article}
}

"@article{RN53,"
"   author = {Eraslan, G. and Simon, L. M. and Mircea, M. and Mueller, N. S. and Theis, F. J.},"
"   title = {Single-cell RNA-seq denoising using a deep count autoencoder},"
"   journal = {Nat Commun},"
"   volume = {10},"
"   number = {1},"
"   pages = {390},"
   ISSN = {2041-1723 (Electronic)
"2041-1723 (Linking)},"
"   DOI = {10.1038/s41467-018-07931-2},"
"   url = {https://www.ncbi.nlm.nih.gov/pubmed/30674886},"
"   year = {2019},"
   type = {Journal Article}
}

"@article{RN176,"
"   author = {Fabregat, A. and Jupe, S. and Matthews, L. and Sidiropoulos, K. and Gillespie, M. and Garapati, P. and Haw, R. and Jassal, B. and Korninger, F. and May, B. and Milacic, M. and Roca, C. D. and Rothfels, K. and Sevilla, C. and Shamovsky, V. and Shorser, S. and Varusai, T. and Viteri, G. and Weiser, J. and Wu, G. and Stein, L. and Hermjakob, H. and D'Eustachio, P.},"
"   title = {The Reactome Pathway Knowledgebase},"
"   journal = {Nucleic Acids Res},"
"   volume = {46},"
"   number = {D1},"
"   pages = {D649-D655},"
   ISSN = {1362-4962 (Electronic)
"0305-1048 (Linking)},"
"   DOI = {10.1093/nar/gkx1132},"
"   url = {https://www.ncbi.nlm.nih.gov/pubmed/29145629},"
"   year = {2018},"
   type = {Journal Article}
}

"@article{RN40,"
"   author = {Finak, G. and McDavid, A. and Yajima, M. and Deng, J. and Gersuk, V. and Shalek, A. K. and Slichter, C. K. and Miller, H. W. and McElrath, M. J. and Prlic, M. and Linsley, P. S. and Gottardo, R.},"
"   title = {MAST: a flexible statistical framework for assessing transcriptional changes and characterizing heterogeneity in single-cell RNA sequencing data},"
"   journal = {Genome Biol},"
"   volume = {16},"
"   pages = {278},"
   ISSN = {1474-760X (Electronic)
"1474-7596 (Linking)},"
"   DOI = {10.1186/s13059-015-0844-5},"
"   url = {https://www.ncbi.nlm.nih.gov/pubmed/26653891},"
"   year = {2015},"
   type = {Journal Article}
}

"@article{RN187,"
"   author = {Fowlkes, E.B. and C.L. Mallows},"
"   title = {A Method for Comparing Two Hierarchical Clusterings},"
"   journal = { Journal of the American Statistical Association},"
"   volume = {78},"
"   number = {383},"
"   pages = {553-569},"
"   year = {1983},"
   type = {Journal Article}
}

"@article{RN172,"
"   author = {Ge, S. and Wang, H. and Alavi, A. and Xing, E. and Bar-Joseph, Z.},"
"   title = {Supervised Adversarial Alignment of Single-Cell RNA-seq Data},"
"   journal = {J Comput Biol},"
"   volume = {28},"
"   number = {5},"
"   pages = {501-513},"
   ISSN = {1557-8666 (Electronic)
"1066-5277 (Linking)},"
"   DOI = {10.1089/cmb.2020.0439},"
"   url = {https://www.ncbi.nlm.nih.gov/pubmed/33470876},"
"   year = {2021},"
   type = {Journal Article}
}

"@article{RN237,"
"   author = {Goolam, M. and Scialdone, A. and Graham, S. J. L. and Macaulay, I. C. and Jedrusik, A. and Hupalowska, A. and Voet, T. and Marioni, J. C. and Zernicka-Goetz, M.},"
"   title = {Heterogeneity in Oct4 and Sox2 Targets Biases Cell Fate in 4-Cell Mouse Embryos},"
"   journal = {Cell},"
"   volume = {165},"
"   number = {1},"
"   pages = {61-74},"
   ISSN = {1097-4172 (Electronic)
"0092-8674 (Linking)},"
"   DOI = {10.1016/j.cell.2016.01.047},"
"   url = {https://www.ncbi.nlm.nih.gov/pubmed/27015307},"
"   year = {2016},"
   type = {Journal Article}
}

"@article{RN129,"
"   author = {Gronbech, C. H. and Vording, M. F. and Timshel, P. N. and Sonderby, C. K. and Pers, T. H. and Winther, O.},"
"   title = {scVAE: variational auto-encoders for single-cell gene expression data},"
"   journal = {Bioinformatics},"
"   volume = {36},"
"   number = {16},"
"   pages = {4415-4422},"
   ISSN = {1367-4811 (Electronic)
"1367-4803 (Linking)},"
"   DOI = {10.1093/bioinformatics/btaa293},"
"   url = {https://www.ncbi.nlm.nih.gov/pubmed/32415966},"
"   year = {2020},"
   type = {Journal Article}
}

"@article{RN119,"
"   author = {Guo, X., Gao, L., Liu, X., and Yin, J.},"
"   title = {Improved deep embedded clustering with local structure preservation},"
"   journal = {Proc. 26th International Joint Conference on Artificial Integlligence },"
"   pages = {1753-1759},"
"   year = {2017},"
   type = {Journal Article}
}

"@article{RN226,"
"   author = {Haber, A. L. and Biton, M. and Rogel, N. and Herbst, R. H. and Shekhar, K. and Smillie, C. and Burgin, G. and Delorey, T. M. and Howitt, M. R. and Katz, Y. and Tirosh, I. and Beyaz, S. and Dionne, D. and Zhang, M. and Raychowdhury, R. and Garrett, W. S. and Rozenblatt-Rosen, O. and Shi, H. N. and Yilmaz, O. and Xavier, R. J. and Regev, A.},"
"   title = {A single-cell survey of the small intestinal epithelium},"
"   journal = {Nature},"
"   volume = {551},"
"   number = {7680},"
"   pages = {333-339},"
   ISSN = {1476-4687 (Electronic)
"0028-0836 (Linking)},"
"   DOI = {10.1038/nature24489},"
"   url = {https://www.ncbi.nlm.nih.gov/pubmed/29144463},"
"   year = {2017},"
   type = {Journal Article}
}

"@inproceedings{RN244,"
"   author = {Hadsell, Raia and Chopra, Sumit and LeCun, Yann},"
"   title = {Dimensionality reduction by learning an invariant mapping},"
"   booktitle = {2006 IEEE Computer Society Conference on Computer Vision and Pattern Recognition (CVPR'06)},"
"   publisher = {IEEE},"
"   volume = {2},"
"   pages = {1735-1742},"
"   ISBN = {0769525970},"
   type = {Conference Proceedings}
}

"@article{RN83,"
"   author = {Hafemeister, C. and Satija, R.},"
"   title = {Normalization and variance stabilization of single-cell RNA-seq data using regularized negative binomial regression},"
"   journal = {Genome Biol},"
"   volume = {20},"
"   number = {1},"
"   pages = {296},"
   ISSN = {1474-760X (Electronic)
"1474-7596 (Linking)},"
"   DOI = {10.1186/s13059-019-1874-1},"
"   url = {https://www.ncbi.nlm.nih.gov/pubmed/31870423},"
"   year = {2019},"
   type = {Journal Article}
}

"@article{RN202,"
"   author = {Hagai, T. and Chen, X. and Miragaia, R. J. and Rostom, R. and Gomes, T. and Kunowska, N. and Henriksson, J. and Park, J. E. and Proserpio, V. and Donati, G. and Bossini-Castillo, L. and Vieira Braga, F. A. and Naamati, G. and Fletcher, J. and Stephenson, E. and Vegh, P. and Trynka, G. and Kondova, I. and Dennis, M. and Haniffa, M. and Nourmohammad, A. and Lassig, M. and Teichmann, S. A.},"
"   title = {Gene expression variability across cells and species shapes innate immunity},"
"   journal = {Nature},"
"   volume = {563},"
"   number = {7730},"
"   pages = {197-202},"
   ISSN = {1476-4687 (Electronic)
"0028-0836 (Linking)},"
"   DOI = {10.1038/s41586-018-0657-2},"
"   url = {https://www.ncbi.nlm.nih.gov/pubmed/30356220},"
"   year = {2018},"
   type = {Journal Article}
}

"@article{RN84,"
"   author = {Haghverdi, L. and Lun, A. T. L. and Morgan, M. D. and Marioni, J. C.},"
"   title = {Batch effects in single-cell RNA-sequencing data are corrected by matching mutual nearest neighbors},"
"   journal = {Nat Biotechnol},"
"   volume = {36},"
"   number = {5},"
"   pages = {421-427},"
   ISSN = {1546-1696 (Electronic)
"1087-0156 (Linking)},"
"   DOI = {10.1038/nbt.4091},"
"   url = {https://www.ncbi.nlm.nih.gov/pubmed/29608177},"
"   year = {2018},"
   type = {Journal Article}
}

"@article{RN224,"
"   author = {Han, X. and Wang, R. and Zhou, Y. and Fei, L. and Sun, H. and Lai, S. and Saadatpour, A. and Zhou, Z. and Chen, H. and Ye, F. and Huang, D. and Xu, Y. and Huang, W. and Jiang, M. and Jiang, X. and Mao, J. and Chen, Y. and Lu, C. and Xie, J. and Fang, Q. and Wang, Y. and Yue, R. and Li, T. and Huang, H. and Orkin, S. H. and Yuan, G. C. and Chen, M. and Guo, G.},"
"   title = {Mapping the Mouse Cell Atlas by Microwell-Seq},"
"   journal = {Cell},"
"   volume = {172},"
"   number = {5},"
"   pages = {1091-1107 e17},"
   ISSN = {1097-4172 (Electronic)
"0092-8674 (Linking)},"
"   DOI = {10.1016/j.cell.2018.02.001},"
"   url = {https://www.ncbi.nlm.nih.gov/pubmed/29474909},"
"   year = {2018},"
   type = {Journal Article}
}

"@article{RN16,"
"   author = {Hao, Y. and Hao, S. and Andersen-Nissen, E. and Mauck, W. M., 3rd and Zheng, S. and Butler, A. and Lee, M. J. and Wilk, A. J. and Darby, C. and Zager, M. and Hoffman, P. and Stoeckius, M. and Papalexi, E. and Mimitou, E. P. and Jain, J. and Srivastava, A. and Stuart, T. and Fleming, L. M. and Yeung, B. and Rogers, A. J. and McElrath, J. M. and Blish, C. A. and Gottardo, R. and Smibert, P. and Satija, R.},"
"   title = {Integrated analysis of multimodal single-cell data},"
"   journal = {Cell},"
"   volume = {184},"
"   number = {13},"
"   pages = {3573-3587 e29},"
   ISSN = {1097-4172 (Electronic)
"0092-8674 (Linking)},"
"   DOI = {10.1016/j.cell.2021.04.048},"
"   url = {https://www.ncbi.nlm.nih.gov/pubmed/34062119},"
"   year = {2021},"
   type = {Journal Article}
}

"@article{RN121,"
"   author = {Hie, B. and Bryson, B. and Berger, B.},"
"   title = {Efficient integration of heterogeneous single-cell transcriptomes using Scanorama},"
"   journal = {Nat Biotechnol},"
"   volume = {37},"
"   number = {6},"
"   pages = {685-691},"
   ISSN = {1546-1696 (Electronic)
"1087-0156 (Linking)},"
"   DOI = {10.1038/s41587-019-0113-3},"
"   url = {https://www.ncbi.nlm.nih.gov/pubmed/31061482},"
"   year = {2019},"
   type = {Journal Article}
}

"@article{RN45,"
"   author = {Hou, W. and Ji, Z. and Ji, H. and Hicks, S. C.},"
"   title = {A systematic evaluation of single-cell RNA-sequencing imputation methods},"
"   journal = {Genome Biol},"
"   volume = {21},"
"   number = {1},"
"   pages = {218},"
   ISSN = {1474-760X (Electronic)
"1474-7596 (Linking)},"
"   DOI = {10.1186/s13059-020-02132-x},"
"   url = {https://www.ncbi.nlm.nih.gov/pubmed/32854757},"
"   year = {2020},"
   type = {Journal Article}
}

"@article{RN225,"
"   author = {Hrvatin, S. and Hochbaum, D. R. and Nagy, M. A. and Cicconet, M. and Robertson, K. and Cheadle, L. and Zilionis, R. and Ratner, A. and Borges-Monroy, R. and Klein, A. M. and Sabatini, B. L. and Greenberg, M. E.},"
"   title = {Single-cell analysis of experience-dependent transcriptomic states in the mouse visual cortex},"
"   journal = {Nat Neurosci},"
"   volume = {21},"
"   number = {1},"
"   pages = {120-129},"
   ISSN = {1546-1726 (Electronic)
"1097-6256 (Linking)},"
"   DOI = {10.1038/s41593-017-0029-5},"
"   url = {https://www.ncbi.nlm.nih.gov/pubmed/29230054},"
"   year = {2018},"
   type = {Journal Article}
}

"@article{RN14,"
"   author = {Huang da, W. and Sherman, B. T. and Lempicki, R. A.},"
"   title = {Systematic and integrative analysis of large gene lists using DAVID bioinformatics resources},"
"   journal = {Nat Protoc},"
"   volume = {4},"
"   number = {1},"
"   pages = {44-57},"
   ISSN = {1750-2799 (Electronic)
"1750-2799 (Linking)},"
"   DOI = {10.1038/nprot.2008.211},"
"   url = {https://www.ncbi.nlm.nih.gov/pubmed/19131956},"
"   year = {2009},"
   type = {Journal Article}
}

"@article{RN15,"
"   author = {Huang, D. W. and Sherman, B. T. and Tan, Q. and Kir, J. and Liu, D. and Bryant, D. and Guo, Y. and Stephens, R. and Baseler, M. W. and Lane, H. C. and Lempicki, R. A.},"
"   title = {DAVID Bioinformatics Resources: expanded annotation database and novel algorithms to better extract biology from large gene lists},"
"   journal = {Nucleic Acids Res},"
"   volume = {35},"
"   number = {Web Server issue},"
"   pages = {W169-75},"
   ISSN = {1362-4962 (Electronic)
"0305-1048 (Linking)},"
"   DOI = {10.1093/nar/gkm415},"
"   url = {https://www.ncbi.nlm.nih.gov/pubmed/17576678},"
"   year = {2007},"
   type = {Journal Article}
}

"@article{RN30,"
"   author = {Huang, M. and Wang, J. and Torre, E. and Dueck, H. and Shaffer, S. and Bonasio, R. and Murray, J. I. and Raj, A. and Li, M. and Zhang, N. R.},"
"   title = {SAVER: gene expression recovery for single-cell RNA sequencing},"
"   journal = {Nat Methods},"
"   volume = {15},"
"   number = {7},"
"   pages = {539-542},"
   ISSN = {1548-7105 (Electronic)
"1548-7091 (Linking)},"
"   DOI = {10.1038/s41592-018-0033-z},"
"   url = {https://www.ncbi.nlm.nih.gov/pubmed/29941873},"
"   year = {2018},"
   type = {Journal Article}
}

"@article{RN107,"
"   author = {Hubert, L. and Arabie, P.},"
"   title = {Comparing Partitions},"
"   journal = {Journal of Classification},"
"   volume = {2},"
"   pages = {193-218},"
"   year = {1985},"
   type = {Journal Article}
}

"@article{RN199,"
"   author = {Huynh-Thu, V. A. and Irrthum, A. and Wehenkel, L. and Geurts, P.},"
"   title = {Inferring regulatory networks from expression data using tree-based methods},"
"   journal = {PLoS One},"
"   volume = {5},"
"   number = {9},"
   ISSN = {1932-6203 (Electronic)
"1932-6203 (Linking)},"
"   DOI = {10.1371/journal.pone.0012776},"
"   url = {https://www.ncbi.nlm.nih.gov/pubmed/20927193},"
"   year = {2010},"
   type = {Journal Article}
}

"@article{RN132,"
"   author = {Jang E., Gu S. and Poole B. },"
"   title = {Categorical reparameterization with gumbel-softmax},"
"   journal = {arXiv},"
"   year = {2016},"
   type = {Journal Article}
}

"@article{RN227,"
"   author = {Joost, S. and Zeisel, A. and Jacob, T. and Sun, X. and La Manno, G. and Lonnerberg, P. and Linnarsson, S. and Kasper, M.},"
"   title = {Single-Cell Transcriptomics Reveals that Differentiation and Spatial Signatures Shape Epidermal and Hair Follicle Heterogeneity},"
"   journal = {Cell Syst},"
"   volume = {3},"
"   number = {3},"
"   pages = {221-237 e9},"
   ISSN = {2405-4712 (Print)
"2405-4712 (Linking)},"
"   DOI = {10.1016/j.cels.2016.08.010},"
"   url = {https://www.ncbi.nlm.nih.gov/pubmed/27641957},"
"   year = {2016},"
   type = {Journal Article}
}

"@article{RN198,"
"   author = {Kanehisa, M. and Furumichi, M. and Tanabe, M. and Sato, Y. and Morishima, K.},"
"   title = {KEGG: new perspectives on genomes, pathways, diseases and drugs},"
"   journal = {Nucleic Acids Res},"
"   volume = {45},"
"   number = {D1},"
"   pages = {D353-D361},"
   ISSN = {1362-4962 (Electronic)
"0305-1048 (Linking)},"
"   DOI = {10.1093/nar/gkw1092},"
"   url = {https://www.ncbi.nlm.nih.gov/pubmed/27899662},"
"   year = {2017},"
   type = {Journal Article}
}

"@article{RN218,"
"   author = {Kang, H. M. and Subramaniam, M. and Targ, S. and Nguyen, M. and Maliskova, L. and McCarthy, E. and Wan, E. and Wong, S. and Byrnes, L. and Lanata, C. M. and Gate, R. E. and Mostafavi, S. and Marson, A. and Zaitlen, N. and Criswell, L. A. and Ye, C. J.},"
"   title = {Multiplexed droplet single-cell RNA-sequencing using natural genetic variation},"
"   journal = {Nat Biotechnol},"
"   volume = {36},"
"   number = {1},"
"   pages = {89-94},"
   ISSN = {1546-1696 (Electronic)
"1087-0156 (Linking)},"
"   DOI = {10.1038/nbt.4042},"
"   url = {https://www.ncbi.nlm.nih.gov/pubmed/29227470},"
"   year = {2018},"
   type = {Journal Article}
}

"@article{RN41,"
"   author = {Kharchenko, P. V. and Silberstein, L. and Scadden, D. T.},"
"   title = {Bayesian approach to single-cell differential expression analysis},"
"   journal = {Nat Methods},"
"   volume = {11},"
"   number = {7},"
"   pages = {740-2},"
   ISSN = {1548-7105 (Electronic)
"1548-7091 (Linking)},"
"   DOI = {10.1038/nmeth.2967},"
"   url = {https://www.ncbi.nlm.nih.gov/pubmed/24836921},"
"   year = {2014},"
   type = {Journal Article}
}

"@article{RN238,"
"   author = {Kim, J. K. and Kolodziejczyk, A. A. and Ilicic, T. and Teichmann, S. A. and Marioni, J. C.},"
"   title = {Characterizing noise structure in single-cell RNA-seq distinguishes genuine from technical stochastic allelic expression},"
"   journal = {Nat Commun},"
"   volume = {6},"
"   pages = {8687},"
   ISSN = {2041-1723 (Electronic)
"2041-1723 (Linking)},"
"   DOI = {10.1038/ncomms9687},"
"   url = {https://www.ncbi.nlm.nih.gov/pubmed/26489834},"
"   year = {2015},"
   type = {Journal Article}
}

"@article{RN85,"
"   author = {Kinker, G. S. and Greenwald, A. C. and Tal, R. and Orlova, Z. and Cuoco, M. S. and McFarland, J. M. and Warren, A. and Rodman, C. and Roth, J. A. and Bender, S. A. and Kumar, B. and Rocco, J. W. and Fernandes, Pacm and Mader, C. C. and Keren-Shaul, H. and Plotnikov, A. and Barr, H. and Tsherniak, A. and Rozenblatt-Rosen, O. and Krizhanovsky, V. and Puram, S. V. and Regev, A. and Tirosh, I.},"
"   title = {Pan-cancer single-cell RNA-seq identifies recurring programs of cellular heterogeneity},"
"   journal = {Nat Genet},"
"   volume = {52},"
"   number = {11},"
"   pages = {1208-1218},"
   ISSN = {1546-1718 (Electronic)
"1061-4036 (Linking)},"
"   DOI = {10.1038/s41588-020-00726-6},"
"   url = {https://www.ncbi.nlm.nih.gov/pubmed/33128048},"
"   year = {2020},"
   type = {Journal Article}
}

"@article{RN239,"
"   author = {Klein, A. M. and Mazutis, L. and Akartuna, I. and Tallapragada, N. and Veres, A. and Li, V. and Peshkin, L. and Weitz, D. A. and Kirschner, M. W.},"
"   title = {Droplet barcoding for single-cell transcriptomics applied to embryonic stem cells},"
"   journal = {Cell},"
"   volume = {161},"
"   number = {5},"
"   pages = {1187-1201},"
   ISSN = {1097-4172 (Electronic)
"0092-8674 (Linking)},"
"   DOI = {10.1016/j.cell.2015.04.044},"
"   url = {https://www.ncbi.nlm.nih.gov/pubmed/26000487},"
"   year = {2015},"
   type = {Journal Article}
}

"@article{RN74,"
"   author = {Korsunsky, I. and Millard, N. and Fan, J. and Slowikowski, K. and Zhang, F. and Wei, K. and Baglaenko, Y. and Brenner, M. and Loh, P. R. and Raychaudhuri, S.},"
"   title = {Fast, sensitive and accurate integration of single-cell data with Harmony},"
"   journal = {Nat Methods},"
"   volume = {16},"
"   number = {12},"
"   pages = {1289-1296},"
   ISSN = {1548-7105 (Electronic)
"1548-7091 (Linking)},"
"   DOI = {10.1038/s41592-019-0619-0},"
"   url = {https://www.ncbi.nlm.nih.gov/pubmed/31740819},"
"   year = {2019},"
   type = {Journal Article}
}

"@article{RN178,"
"   author = {Krishnaswamy, S. and Spitzer, M. H. and Mingueneau, M. and Bendall, S. C. and Litvin, O. and Stone, E. and Pe'er, D. and Nolan, G. P.},"
"   title = {Systems biology. Conditional density-based analysis of T cell signaling in single-cell data},"
"   journal = {Science},"
"   volume = {346},"
"   number = {6213},"
"   pages = {1250689},"
   ISSN = {1095-9203 (Electronic)
"0036-8075 (Linking)},"
"   DOI = {10.1126/science.1250689},"
"   url = {https://www.ncbi.nlm.nih.gov/pubmed/25342659},"
"   year = {2014},"
   type = {Journal Article}
}

"@article{RN137,"
"   author = {La Manno, G. and Gyllborg, D. and Codeluppi, S. and Nishimura, K. and Salto, C. and Zeisel, A. and Borm, L. E. and Stott, S. R. W. and Toledo, E. M. and Villaescusa, J. C. and Lonnerberg, P. and Ryge, J. and Barker, R. A. and Arenas, E. and Linnarsson, S.},"
"   title = {Molecular Diversity of Midbrain Development in Mouse, Human, and Stem Cells},"
"   journal = {Cell},"
"   volume = {167},"
"   number = {2},"
"   pages = {566-580 e19},"
   ISSN = {1097-4172 (Electronic)
"0092-8674 (Linking)},"
"   DOI = {10.1016/j.cell.2016.09.027},"
"   url = {https://www.ncbi.nlm.nih.gov/pubmed/27716510},"
"   year = {2016},"
   type = {Journal Article}
}

"@article{RN87,"
"   author = {Lahnemann, D. and Koster, J. and Szczurek, E. and McCarthy, D. J. and Hicks, S. C. and Robinson, M. D. and Vallejos, C. A. and Campbell, K. R. and Beerenwinkel, N. and Mahfouz, A. and Pinello, L. and Skums, P. and Stamatakis, A. and Attolini, C. S. and Aparicio, S. and Baaijens, J. and Balvert, M. and Barbanson, B. and Cappuccio, A. and Corleone, G. and Dutilh, B. E. and Florescu, M. and Guryev, V. and Holmer, R. and Jahn, K. and Lobo, T. J. and Keizer, E. M. and Khatri, I. and Kielbasa, S. M. and Korbel, J. O. and Kozlov, A. M. and Kuo, T. H. and Lelieveldt, B. P. F. and Mandoiu, II and Marioni, J. C. and Marschall, T. and Molder, F. and Niknejad, A. and Raczkowski, L. and Reinders, M. and Ridder, J. and Saliba, A. E. and Somarakis, A. and Stegle, O. and Theis, F. J. and Yang, H. and Zelikovsky, A. and McHardy, A. C. and Raphael, B. J. and Shah, S. P. and Schonhuth, A.},"
"   title = {Eleven grand challenges in single-cell data science},"
"   journal = {Genome Biol},"
"   volume = {21},"
"   number = {1},"
"   pages = {31},"
   ISSN = {1474-760X (Electronic)
"1474-7596 (Linking)},"
"   DOI = {10.1186/s13059-020-1926-6},"
"   url = {https://www.ncbi.nlm.nih.gov/pubmed/32033589},"
"   year = {2020},"
   type = {Journal Article}
}

"@article{RN8,"
"   author = {Lee, J. H. and Xiong, F. and Li, W.},"
"   title = {Enhancer RNAs in cancer: regulation, mechanisms and therapeutic potential},"
"   journal = {RNA Biol},"
"   volume = {17},"
"   number = {11},"
"   pages = {1550-1559},"
   ISSN = {1555-8584 (Electronic)
"1547-6286 (Linking)},"
"   DOI = {10.1080/15476286.2020.1712895},"
"   url = {https://www.ncbi.nlm.nih.gov/pubmed/31916476},"
"   year = {2020},"
   type = {Journal Article}
}

"@article{RN145,"
"   author = {Levine, J. H. and Simonds, E. F. and Bendall, S. C. and Davis, K. L. and Amir el, A. D. and Tadmor, M. D. and Litvin, O. and Fienberg, H. G. and Jager, A. and Zunder, E. R. and Finck, R. and Gedman, A. L. and Radtke, I. and Downing, J. R. and Pe'er, D. and Nolan, G. P.},"
"   title = {Data-Driven Phenotypic Dissection of AML Reveals Progenitor-like Cells that Correlate with Prognosis},"
"   journal = {Cell},"
"   volume = {162},"
"   number = {1},"
"   pages = {184-97},"
   ISSN = {1097-4172 (Electronic)
"0092-8674 (Linking)},"
"   DOI = {10.1016/j.cell.2015.05.047},"
"   url = {https://www.ncbi.nlm.nih.gov/pubmed/26095251},"
"   year = {2015},"
   type = {Journal Article}
}

"@article{RN246,"
"   author = {Li, B. and Liu, J. S. and Liu, X. S.},"
"   title = {Revisit linear regression-based deconvolution methods for tumor gene expression data},"
"   journal = {Genome Biol},"
"   volume = {18},"
"   number = {1},"
"   pages = {127},"
   ISSN = {1474-760X (Electronic)
"1474-7596 (Linking)},"
"   DOI = {10.1186/s13059-017-1256-5},"
"   url = {https://www.ncbi.nlm.nih.gov/pubmed/28679386},"
"   year = {2017},"
   type = {Journal Article}
}

"@article{RN221,"
"   author = {Li, H. and Courtois, E. T. and Sengupta, D. and Tan, Y. and Chen, K. H. and Goh, J. J. L. and Kong, S. L. and Chua, C. and Hon, L. K. and Tan, W. S. and Wong, M. and Choi, P. J. and Wee, L. J. K. and Hillmer, A. M. and Tan, I. B. and Robson, P. and Prabhakar, S.},"
"   title = {Reference component analysis of single-cell transcriptomes elucidates cellular heterogeneity in human colorectal tumors},"
"   journal = {Nat Genet},"
"   volume = {49},"
"   number = {5},"
"   pages = {708-718},"
   ISSN = {1546-1718 (Electronic)
"1061-4036 (Linking)},"
"   DOI = {10.1038/ng.3818},"
"   url = {https://www.ncbi.nlm.nih.gov/pubmed/28319088},"
"   year = {2017},"
   type = {Journal Article}
}

"@article{RN5,"
"   author = {Li, W. and Notani, D. and Ma, Q. and Tanasa, B. and Nunez, E. and Chen, A. Y. and Merkurjev, D. and Zhang, J. and Ohgi, K. and Song, X. and Oh, S. and Kim, H. S. and Glass, C. K. and Rosenfeld, M. G.},"
"   title = {Functional roles of enhancer RNAs for oestrogen-dependent transcriptional activation},"
"   journal = {Nature},"
"   volume = {498},"
"   number = {7455},"
"   pages = {516-20},"
   ISSN = {1476-4687 (Electronic)
"0028-0836 (Linking)},"
"   DOI = {10.1038/nature12210},"
"   url = {https://www.ncbi.nlm.nih.gov/pubmed/23728302},"
"   year = {2013},"
   type = {Journal Article}
}

"@article{RN31,"
"   author = {Li, W. V. and Li, J. J.},"
"   title = {An accurate and robust imputation method scImpute for single-cell RNA-seq data},"
"   journal = {Nat Commun},"
"   volume = {9},"
"   number = {1},"
"   pages = {997},"
   ISSN = {2041-1723 (Electronic)
"2041-1723 (Linking)},"
"   DOI = {10.1038/s41467-018-03405-7},"
"   url = {https://www.ncbi.nlm.nih.gov/pubmed/29520097},"
"   year = {2018},"
   type = {Journal Article}
}

"@article{RN118,"
"   author = {Li, X. and Wang, K. and Lyu, Y. and Pan, H. and Zhang, J. and Stambolian, D. and Susztak, K. and Reilly, M. P. and Hu, G. and Li, M.},"
"   title = {Deep learning enables accurate clustering with batch effect removal in single-cell RNA-seq analysis},"
"   journal = {Nat Commun},"
"   volume = {11},"
"   number = {1},"
"   pages = {2338},"
   ISSN = {2041-1723 (Electronic)
"2041-1723 (Linking)},"
"   DOI = {10.1038/s41467-020-15851-3},"
"   url = {https://www.ncbi.nlm.nih.gov/pubmed/32393754},"
"   year = {2020},"
   type = {Journal Article}
}

"@article{RN203,"
"   author = {Liao, M. and Liu, Y. and Yuan, J. and Wen, Y. and Xu, G. and Zhao, J. and Cheng, L. and Li, J. and Wang, X. and Wang, F. and Liu, L. and Amit, I. and Zhang, S. and Zhang, Z.},"
"   title = {Single-cell landscape of bronchoalveolar immune cells in patients with COVID-19},"
"   journal = {Nat Med},"
"   volume = {26},"
"   number = {6},"
"   pages = {842-844},"
   ISSN = {1546-170X (Electronic)
"1078-8956 (Linking)},"
"   DOI = {10.1038/s41591-020-0901-9},"
"   url = {https://www.ncbi.nlm.nih.gov/pubmed/32398875},"
"   year = {2020},"
   type = {Journal Article}
}

"@article{RN194,"
"   author = {Lieberman, Y. and Rokach, L. and Shay, T.},"
"   title = {CaSTLe - Classification of single cells by transfer learning: Harnessing the power of publicly available single cell RNA sequencing experiments to annotate new experiments},"
"   journal = {PLoS One},"
"   volume = {13},"
"   number = {10},"
"   pages = {e0205499},"
   ISSN = {1932-6203 (Electronic)
"1932-6203 (Linking)},"
"   DOI = {10.1371/journal.pone.0205499},"
"   url = {https://www.ncbi.nlm.nih.gov/pubmed/30304022},"
"   year = {2018},"
   type = {Journal Article}
}

"@article{RN193,"
"   author = {Lin, C. and Jain, S. and Kim, H. and Bar-Joseph, Z.},"
"   title = {Using neural networks for reducing the dimensions of single-cell RNA-Seq data},"
"   journal = {Nucleic Acids Res},"
"   volume = {45},"
"   number = {17},"
"   pages = {e156},"
   ISSN = {1362-4962 (Electronic)
"0305-1048 (Linking)},"
"   DOI = {10.1093/nar/gkx681},"
"   url = {https://www.ncbi.nlm.nih.gov/pubmed/28973464},"
"   year = {2017},"
   type = {Journal Article}
}

"@article{RN113,"
"   author = {Lin, P. and Troup, M. and Ho, J. W.},"
"   title = {CIDR: Ultrafast and accurate clustering through imputation for single-cell RNA-seq data},"
"   journal = {Genome Biol},"
"   volume = {18},"
"   number = {1},"
"   pages = {59},"
   ISSN = {1474-760X (Electronic)
"1474-7596 (Linking)},"
"   DOI = {10.1186/s13059-017-1188-0},"
"   url = {https://www.ncbi.nlm.nih.gov/pubmed/28351406},"
"   year = {2017},"
   type = {Journal Article}
}

"@article{RN141,"
"   author = {Lindenbaum, O., Stanley, J. S., Wolf, G. and Krishnaswamy, S. },"
"   title = {Geometry-based data generation},"
"   journal = {Advances in Neural Information Processing Systems},"
"   year = {2018},"
   type = {Journal Article}
}

"@article{RN34,"
"   author = {Linderman, G. C. and Rachh, M. and Hoskins, J. G. and Steinerberger, S. and Kluger, Y.},"
"   title = {Fast interpolation-based t-SNE for improved visualization of single-cell RNA-seq data},"
"   journal = {Nat Methods},"
"   volume = {16},"
"   number = {3},"
"   pages = {243-245},"
   ISSN = {1548-7105 (Electronic)
"1548-7091 (Linking)},"
"   DOI = {10.1038/s41592-018-0308-4},"
"   url = {https://www.ncbi.nlm.nih.gov/pubmed/30742040},"
"   year = {2019},"
   type = {Journal Article}
}

"@article{RN9,"
"   author = {Lizio, M. and Harshbarger, J. and Shimoji, H. and Severin, J. and Kasukawa, T. and Sahin, S. and Abugessaisa, I. and Fukuda, S. and Hori, F. and Ishikawa-Kato, S. and Mungall, C. J. and Arner, E. and Baillie, J. K. and Bertin, N. and Bono, H. and de Hoon, M. and Diehl, A. D. and Dimont, E. and Freeman, T. C. and Fujieda, K. and Hide, W. and Kaliyaperumal, R. and Katayama, T. and Lassmann, T. and Meehan, T. F. and Nishikata, K. and Ono, H. and Rehli, M. and Sandelin, A. and Schultes, E. A. and t Hoen, P. A. and Tatum, Z. and Thompson, M. and Toyoda, T. and Wright, D. W. and Daub, C. O. and Itoh, M. and Carninci, P. and Hayashizaki, Y. and Forrest, A. R. and Kawaji, H. and consortium, Fantom},"
"   title = {Gateways to the FANTOM5 promoter level mammalian expression atlas},"
"   journal = {Genome Biol},"
"   volume = {16},"
"   pages = {22},"
   ISSN = {1474-760X (Electronic)
"1474-7596 (Linking)},"
"   DOI = {10.1186/s13059-014-0560-6},"
"   url = {https://www.ncbi.nlm.nih.gov/pubmed/25723102},"
"   year = {2015},"
   type = {Journal Article}
}

"@article{RN88,"
"   author = {Lopez, R. and Regier, J. and Cole, M. B. and Jordan, M. I. and Yosef, N.},"
"   title = {Deep generative modeling for single-cell transcriptomics},"
"   journal = {Nat Methods},"
"   volume = {15},"
"   number = {12},"
"   pages = {1053-1058},"
   ISSN = {1548-7105 (Electronic)
"1548-7091 (Linking)},"
"   DOI = {10.1038/s41592-018-0229-2},"
"   url = {https://www.ncbi.nlm.nih.gov/pubmed/30504886},"
"   year = {2018},"
   type = {Journal Article}
}

"@article{RN179,"
"   author = {Lotfollahi, M. and Wolf, F. A. and Theis, F. J.},"
"   title = {scGen predicts single-cell perturbation responses},"
"   journal = {Nat Methods},"
"   volume = {16},"
"   number = {8},"
"   pages = {715-721},"
   ISSN = {1548-7105 (Electronic)
"1548-7091 (Linking)},"
"   DOI = {10.1038/s41592-019-0494-8},"
"   url = {https://www.ncbi.nlm.nih.gov/pubmed/31363220},"
"   year = {2019},"
   type = {Journal Article}
}

"@article{RN89,"
"   author = {Lun, A. T. and Bach, K. and Marioni, J. C.},"
"   title = {Pooling across cells to normalize single-cell RNA sequencing data with many zero counts},"
"   journal = {Genome Biol},"
"   volume = {17},"
"   pages = {75},"
   ISSN = {1474-760X (Electronic)
"1474-7596 (Linking)},"
"   DOI = {10.1186/s13059-016-0947-7},"
"   url = {https://www.ncbi.nlm.nih.gov/pubmed/27122128},"
"   year = {2016},"
   type = {Journal Article}
}

"@article{RN13,"
"   author = {Lydersen, S. and Fagerland, M. W. and Laake, P.},"
"   title = {Pearson's chi-squared test},"
"   journal = {Tidsskr Nor Laegeforen},"
"   volume = {139},"
"   number = {12},"
   ISSN = {0807-7096 (Electronic)
"0029-2001 (Linking)},"
"   DOI = {10.4045/tidsskr.18.0125},"
"   url = {https://www.ncbi.nlm.nih.gov/pubmed/31502782},"
"   year = {2019},"
   type = {Journal Article}
}

"@article{RN90,"
"   author = {Macosko, E. Z. and Basu, A. and Satija, R. and Nemesh, J. and Shekhar, K. and Goldman, M. and Tirosh, I. and Bialas, A. R. and Kamitaki, N. and Martersteck, E. M. and Trombetta, J. J. and Weitz, D. A. and Sanes, J. R. and Shalek, A. K. and Regev, A. and McCarroll, S. A.},"
"   title = {Highly Parallel Genome-wide Expression Profiling of Individual Cells Using Nanoliter Droplets},"
"   journal = {Cell},"
"   volume = {161},"
"   number = {5},"
"   pages = {1202-1214},"
   ISSN = {1097-4172 (Electronic)
"0092-8674 (Linking)},"
"   DOI = {10.1016/j.cell.2015.05.002},"
"   url = {https://www.ncbi.nlm.nih.gov/pubmed/26000488},"
"   year = {2015},"
   type = {Journal Article}
}

"@article{RN91,"
"   author = {Mannarapu, M. and Dariya, B. and Bandapalli, O. R.},"
"   title = {Application of single-cell sequencing technologies in pancreatic cancer},"
"   journal = {Mol Cell Biochem},"
"   volume = {476},"
"   number = {6},"
"   pages = {2429-2437},"
   ISSN = {1573-4919 (Electronic)
"0300-8177 (Linking)},"
"   DOI = {10.1007/s11010-021-04095-4},"
"   url = {https://www.ncbi.nlm.nih.gov/pubmed/33599893},"
"   year = {2021},"
   type = {Journal Article}
}

"@article{RN139,"
"   author = {Marouf, M. and Machart, P. and Bansal, V. and Kilian, C. and Magruder, D. S. and Krebs, C. F. and Bonn, S.},"
"   title = {Realistic in silico generation and augmentation of single-cell RNA-seq data using generative adversarial networks},"
"   journal = {Nat Commun},"
"   volume = {11},"
"   number = {1},"
"   pages = {166},"
   ISSN = {2041-1723 (Electronic)
"2041-1723 (Linking)},"
"   DOI = {10.1038/s41467-019-14018-z},"
"   url = {https://www.ncbi.nlm.nih.gov/pubmed/31919373},"
"   year = {2020},"
   type = {Journal Article}
}

"@article{RN192,"
"   author = {McGinnis, C. S. and Murrow, L. M. and Gartner, Z. J.},"
"   title = {DoubletFinder: Doublet Detection in Single-Cell RNA Sequencing Data Using Artificial Nearest Neighbors},"
"   journal = {Cell Syst},"
"   volume = {8},"
"   number = {4},"
"   pages = {329-337 e4},"
   ISSN = {2405-4720 (Electronic)
"2405-4712 (Linking)},"
"   DOI = {10.1016/j.cels.2019.03.003},"
"   url = {https://www.ncbi.nlm.nih.gov/pubmed/30954475},"
"   year = {2019},"
   type = {Journal Article}
}

"@article{RN217,"
"   author = {McGinnis, C. S. and Patterson, D. M. and Winkler, J. and Conrad, D. N. and Hein, M. Y. and Srivastava, V. and Hu, J. L. and Murrow, L. M. and Weissman, J. S. and Werb, Z. and Chow, E. D. and Gartner, Z. J.},"
"   title = {MULTI-seq: sample multiplexing for single-cell RNA sequencing using lipid-tagged indices},"
"   journal = {Nat Methods},"
"   volume = {16},"
"   number = {7},"
"   pages = {619-626},"
   ISSN = {1548-7105 (Electronic)
"1548-7091 (Linking)},"
"   DOI = {10.1038/s41592-019-0433-8},"
"   url = {https://www.ncbi.nlm.nih.gov/pubmed/31209384},"
"   year = {2019},"
   type = {Journal Article}
}

"@article{RN148,"
"   author = {McInnes, L., Healy, J. & Melville, J.},"
"   title = {Umap: uniform manifold approximation and projection for dimension reduction},"
"   journal = {ArXiv},"
   DOI = { https://arxiv.org/
"abs/1802.03426},"
"   year = {2018},"
   type = {Journal Article}
}

"@article{RN4,"
"   author = {Melo, C. A. and Drost, J. and Wijchers, P. J. and van de Werken, H. and de Wit, E. and Oude Vrielink, J. A. and Elkon, R. and Melo, S. A. and Leveille, N. and Kalluri, R. and de Laat, W. and Agami, R.},"
"   title = {eRNAs are required for p53-dependent enhancer activity and gene transcription},"
"   journal = {Mol Cell},"
"   volume = {49},"
"   number = {3},"
"   pages = {524-35},"
   ISSN = {1097-4164 (Electronic)
"1097-2765 (Linking)},"
"   DOI = {10.1016/j.molcel.2012.11.021},"
"   url = {https://www.ncbi.nlm.nih.gov/pubmed/23273978},"
"   year = {2013},"
   type = {Journal Article}
}

"@article{RN42,"
"   author = {Miao, Z. and Deng, K. and Wang, X. and Zhang, X.},"
"   title = {DEsingle for detecting three types of differential expression in single-cell RNA-seq data},"
"   journal = {Bioinformatics},"
"   volume = {34},"
"   number = {18},"
"   pages = {3223-3224},"
   ISSN = {1367-4811 (Electronic)
"1367-4803 (Linking)},"
"   DOI = {10.1093/bioinformatics/bty332},"
"   url = {https://www.ncbi.nlm.nih.gov/pubmed/29688277},"
"   year = {2018},"
   type = {Journal Article}
}

"@article{RN140,"
"   author = {Miyato, T. and Koyama, M},"
"   title = {cGANs with projection discriminator},"
"   journal = {Preprint},"
"   DOI = {https://arxiv.org/abs/1802.05637 },"
"   year = {2018},"
   type = {Journal Article}
}

"@article{RN146,"
"   author = {Moon, K. R. et al},"
"   title = { PHATE: a dimensionality reduction method for visualizing trajectory structures in high-dimensional biological data},"
"   journal = {bioRxiv},"
"   DOI = {https://doi.org/10.1101/120378},"
"   year = {2017},"
   type = {Journal Article}
}

"@article{RN3,"
"   author = {Murakawa, Y. and Yoshihara, M. and Kawaji, H. and Nishikawa, M. and Zayed, H. and Suzuki, H. and Fantom, Consortium and Hayashizaki, Y.},"
"   title = {Enhanced Identification of Transcriptional Enhancers Provides Mechanistic Insights into Diseases},"
"   journal = {Trends Genet},"
"   volume = {32},"
"   number = {2},"
"   pages = {76-88},"
   ISSN = {0168-9525 (Print)
"0168-9525 (Linking)},"
"   DOI = {10.1016/j.tig.2015.11.004},"
"   url = {https://www.ncbi.nlm.nih.gov/pubmed/26780995},"
"   year = {2016},"
   type = {Journal Article}
}

"@article{RN209,"
"   author = {Muraro, M. J. and Dharmadhikari, G. and Grun, D. and Groen, N. and Dielen, T. and Jansen, E. and van Gurp, L. and Engelse, M. A. and Carlotti, F. and de Koning, E. J. and van Oudenaarden, A.},"
"   title = {A Single-Cell Transcriptome Atlas of the Human Pancreas},"
"   journal = {Cell Syst},"
"   volume = {3},"
"   number = {4},"
"   pages = {385-394 e3},"
   ISSN = {2405-4712 (Print)
"2405-4712 (Linking)},"
"   DOI = {10.1016/j.cels.2016.09.002},"
"   url = {https://www.ncbi.nlm.nih.gov/pubmed/27693023},"
"   year = {2016},"
   type = {Journal Article}
}

"@article{RN59,"
"   author = {Navin, N. E.},"
"   title = {The first five years of single-cell cancer genomics and beyond},"
"   journal = {Genome Res},"
"   volume = {25},"
"   number = {10},"
"   pages = {1499-507},"
   ISSN = {1549-5469 (Electronic)
"1088-9051 (Linking)},"
"   DOI = {10.1101/gr.191098.115},"
"   url = {https://www.ncbi.nlm.nih.gov/pubmed/26430160},"
"   year = {2015},"
   type = {Journal Article}
}

"@article{RN235,"
"   author = {Nestorowa, S. and Hamey, F. K. and Pijuan Sala, B. and Diamanti, E. and Shepherd, M. and Laurenti, E. and Wilson, N. K. and Kent, D. G. and Gottgens, B.},"
"   title = {A single-cell resolution map of mouse hematopoietic stem and progenitor cell differentiation},"
"   journal = {Blood},"
"   volume = {128},"
"   number = {8},"
"   pages = {e20-31},"
   ISSN = {1528-0020 (Electronic)
"0006-4971 (Linking)},"
"   DOI = {10.1182/blood-2016-05-716480},"
"   url = {https://www.ncbi.nlm.nih.gov/pubmed/27365425},"
"   year = {2016},"
   type = {Journal Article}
}

"@article{RN166,"
"   author = {Newman, M. E.},"
"   title = {Modularity and community structure in networks},"
"   journal = {Proc Natl Acad Sci U S A},"
"   volume = {103},"
"   number = {23},"
"   pages = {8577-82},"
   ISSN = {0027-8424 (Print)
"0027-8424 (Linking)},"
"   DOI = {10.1073/pnas.0601602103},"
"   url = {https://www.ncbi.nlm.nih.gov/pubmed/16723398},"
"   year = {2006},"
   type = {Journal Article}
}

"@article{RN214,"
"   author = {Patel, A. P. and Tirosh, I. and Trombetta, J. J. and Shalek, A. K. and Gillespie, S. M. and Wakimoto, H. and Cahill, D. P. and Nahed, B. V. and Curry, W. T. and Martuza, R. L. and Louis, D. N. and Rozenblatt-Rosen, O. and Suva, M. L. and Regev, A. and Bernstein, B. E.},"
"   title = {Single-cell RNA-seq highlights intratumoral heterogeneity in primary glioblastoma},"
"   journal = {Science},"
"   volume = {344},"
"   number = {6190},"
"   pages = {1396-401},"
   ISSN = {1095-9203 (Electronic)
"0036-8075 (Linking)},"
"   DOI = {10.1126/science.1254257},"
"   url = {https://www.ncbi.nlm.nih.gov/pubmed/24925914},"
"   year = {2014},"
   type = {Journal Article}
}

"@article{RN159,"
"   author = {Patel, N. D. and Nguang, S. K. and Coghill, G. G.},"
"   title = {Neural network implementation using bit streams},"
"   journal = {IEEE Trans Neural Netw},"
"   volume = {18},"
"   number = {5},"
"   pages = {1488-504},"
   ISSN = {1045-9227 (Print)
"1045-9227 (Linking)},"
"   DOI = {10.1109/tnn.2007.895822},"
"   url = {https://www.ncbi.nlm.nih.gov/pubmed/18220196},"
"   year = {2007},"
   type = {Journal Article}
}

"@article{RN228,"
"   author = {Paul, F. and Arkin, Y. and Giladi, A. and Jaitin, D. A. and Kenigsberg, E. and Keren-Shaul, H. and Winter, D. and Lara-Astiaso, D. and Gury, M. and Weiner, A. and David, E. and Cohen, N. and Lauridsen, F. K. and Haas, S. and Schlitzer, A. and Mildner, A. and Ginhoux, F. and Jung, S. and Trumpp, A. and Porse, B. T. and Tanay, A. and Amit, I.},"
"   title = {Transcriptional Heterogeneity and Lineage Commitment in Myeloid Progenitors},"
"   journal = {Cell},"
"   volume = {163},"
"   number = {7},"
"   pages = {1663-77},"
   ISSN = {1097-4172 (Electronic)
"0092-8674 (Linking)},"
"   DOI = {10.1016/j.cell.2015.11.013},"
"   url = {https://www.ncbi.nlm.nih.gov/pubmed/26627738},"
"   year = {2015},"
   type = {Journal Article}
}

"@article{RN29,"
"   author = {Peng, T. and Zhu, Q. and Yin, P. and Tan, K.},"
"   title = {SCRABBLE: single-cell RNA-seq imputation constrained by bulk RNA-seq data},"
"   journal = {Genome Biol},"
"   volume = {20},"
"   number = {1},"
"   pages = {88},"
   ISSN = {1474-760X (Electronic)
"1474-7596 (Linking)},"
"   DOI = {10.1186/s13059-019-1681-8},"
"   url = {https://www.ncbi.nlm.nih.gov/pubmed/31060596},"
"   year = {2019},"
   type = {Journal Article}
}

"@article{RN206,"
"   author = {Peng, Y. and Baulier, E. and Ke, Y. and Young, A. and Ahmedli, N. B. and Schwartz, S. D. and Farber, D. B.},"
"   title = {Human embryonic stem cells extracellular vesicles and their effects on immortalized human retinal Muller cells},"
"   journal = {PLoS One},"
"   volume = {13},"
"   number = {3},"
"   pages = {e0194004},"
   ISSN = {1932-6203 (Electronic)
"1932-6203 (Linking)},"
"   DOI = {10.1371/journal.pone.0194004},"
"   url = {https://www.ncbi.nlm.nih.gov/pubmed/29538408},"
"   year = {2018},"
   type = {Journal Article}
}

"@article{RN93,"
"   author = {Petegrosso, R. and Li, Z. and Kuang, R.},"
"   title = {Machine learning and statistical methods for clustering single-cell RNA-sequencing data},"
"   journal = {Brief Bioinform},"
"   volume = {21},"
"   number = {4},"
"   pages = {1209-1223},"
   ISSN = {1477-4054 (Electronic)
"1467-5463 (Linking)},"
"   DOI = {10.1093/bib/bbz063},"
"   url = {https://www.ncbi.nlm.nih.gov/pubmed/31243426},"
"   year = {2020},"
   type = {Journal Article}
}

"@article{RN94,"
"   author = {Picelli, S. and Bjorklund, A. K. and Faridani, O. R. and Sagasser, S. and Winberg, G. and Sandberg, R.},"
"   title = {Smart-seq2 for sensitive full-length transcriptome profiling in single cells},"
"   journal = {Nat Methods},"
"   volume = {10},"
"   number = {11},"
"   pages = {1096-8},"
   ISSN = {1548-7105 (Electronic)
"1548-7091 (Linking)},"
"   DOI = {10.1038/nmeth.2639},"
"   url = {https://www.ncbi.nlm.nih.gov/pubmed/24056875},"
"   year = {2013},"
   type = {Journal Article}
}

"@article{RN233,"
"   author = {Pijuan-Sala, B. and Griffiths, J. A. and Guibentif, C. and Hiscock, T. W. and Jawaid, W. and Calero-Nieto, F. J. and Mulas, C. and Ibarra-Soria, X. and Tyser, R. C. V. and Ho, D. L. L. and Reik, W. and Srinivas, S. and Simons, B. D. and Nichols, J. and Marioni, J. C. and Gottgens, B.},"
"   title = {A single-cell molecular map of mouse gastrulation and early organogenesis},"
"   journal = {Nature},"
"   volume = {566},"
"   number = {7745},"
"   pages = {490-495},"
   ISSN = {1476-4687 (Electronic)
"0028-0836 (Linking)},"
"   DOI = {10.1038/s41586-019-0933-9},"
"   url = {https://www.ncbi.nlm.nih.gov/pubmed/30787436},"
"   year = {2019},"
   type = {Journal Article}
}

"@article{RN115,"
"   author = {Polanski, K. and Young, M. D. and Miao, Z. and Meyer, K. B. and Teichmann, S. A. and Park, J. E.},"
"   title = {BBKNN: fast batch alignment of single cell transcriptomes},"
"   journal = {Bioinformatics},"
"   volume = {36},"
"   number = {3},"
"   pages = {964-965},"
   ISSN = {1367-4811 (Electronic)
"1367-4803 (Linking)},"
"   DOI = {10.1093/bioinformatics/btz625},"
"   url = {https://www.ncbi.nlm.nih.gov/pubmed/31400197},"
"   year = {2020},"
   type = {Journal Article}
}

"@article{RN213,"
"   author = {Pollen, A. A. and Nowakowski, T. J. and Shuga, J. and Wang, X. and Leyrat, A. A. and Lui, J. H. and Li, N. and Szpankowski, L. and Fowler, B. and Chen, P. and Ramalingam, N. and Sun, G. and Thu, M. and Norris, M. and Lebofsky, R. and Toppani, D. and Kemp, D. W., 2nd and Wong, M. and Clerkson, B. and Jones, B. N. and Wu, S. and Knutsson, L. and Alvarado, B. and Wang, J. and Weaver, L. S. and May, A. P. and Jones, R. C. and Unger, M. A. and Kriegstein, A. R. and West, J. A.},"
"   title = {Low-coverage single-cell mRNA sequencing reveals cellular heterogeneity and activated signaling pathways in developing cerebral cortex},"
"   journal = {Nat Biotechnol},"
"   volume = {32},"
"   number = {10},"
"   pages = {1053-8},"
   ISSN = {1546-1696 (Electronic)
"1087-0156 (Linking)},"
"   DOI = {10.1038/nbt.2967},"
"   url = {https://www.ncbi.nlm.nih.gov/pubmed/25086649},"
"   year = {2014},"
   type = {Journal Article}
}

"@article{RN150,"
"   author = {Qiu, X. and Mao, Q. and Tang, Y. and Wang, L. and Chawla, R. and Pliner, H. A. and Trapnell, C.},"
"   title = {Reversed graph embedding resolves complex single-cell trajectories},"
"   journal = {Nat Methods},"
"   volume = {14},"
"   number = {10},"
"   pages = {979-982},"
   ISSN = {1548-7105 (Electronic)
"1548-7091 (Linking)},"
"   DOI = {10.1038/nmeth.4402},"
"   url = {https://www.ncbi.nlm.nih.gov/pubmed/28825705},"
"   year = {2017},"
   type = {Journal Article}
}

"@article{RN12,"
"   author = {Quinlan, A. R.},"
"   title = {BEDTools: The Swiss-Army Tool for Genome Feature Analysis},"
"   journal = {Curr Protoc Bioinformatics},"
"   volume = {47},"
"   pages = {11 12 1-34},"
   ISSN = {1934-340X (Electronic)
"1934-3396 (Linking)},"
"   DOI = {10.1002/0471250953.bi1112s47},"
"   url = {https://www.ncbi.nlm.nih.gov/pubmed/25199790},"
"   year = {2014},"
   type = {Journal Article}
}

"@article{RN245,"
"   author = {Racle, J. and de Jonge, K. and Baumgaertner, P. and Speiser, D. E. and Gfeller, D.},"
"   title = {Simultaneous enumeration of cancer and immune cell types from bulk tumor gene expression data},"
"   journal = {Elife},"
"   volume = {6},"
   ISSN = {2050-084X (Electronic)
"2050-084X (Linking)},"
"   DOI = {10.7554/eLife.26476},"
"   url = {https://www.ncbi.nlm.nih.gov/pubmed/29130882},"
"   year = {2017},"
   type = {Journal Article}
}

"@article{RN125,"
"   author = {Rashid, S. and Shah, S. and Bar-Joseph, Z. and Pandya, R.},"
"   title = {Dhaka: Variational Autoencoder for Unmasking Tumor Heterogeneity from Single Cell Genomic Data},"
"   journal = {Bioinformatics},"
   ISSN = {1367-4811 (Electronic)
"1367-4803 (Linking)},"
"   DOI = {10.1093/bioinformatics/btz095},"
"   url = {https://www.ncbi.nlm.nih.gov/pubmed/30768159},"
"   year = {2019},"
   type = {Journal Article}
}

"@article{RN135,"
"   author = {Regev, A. and Teichmann, S. A. and Lander, E. S. and Amit, I. and Benoist, C. and Birney, E. and Bodenmiller, B. and Campbell, P. and Carninci, P. and Clatworthy, M. and Clevers, H. and Deplancke, B. and Dunham, I. and Eberwine, J. and Eils, R. and Enard, W. and Farmer, A. and Fugger, L. and Gottgens, B. and Hacohen, N. and Haniffa, M. and Hemberg, M. and Kim, S. and Klenerman, P. and Kriegstein, A. and Lein, E. and Linnarsson, S. and Lundberg, E. and Lundeberg, J. and Majumder, P. and Marioni, J. C. and Merad, M. and Mhlanga, M. and Nawijn, M. and Netea, M. and Nolan, G. and Pe'er, D. and Phillipakis, A. and Ponting, C. P. and Quake, S. and Reik, W. and Rozenblatt-Rosen, O. and Sanes, J. and Satija, R. and Schumacher, T. N. and Shalek, A. and Shapiro, E. and Sharma, P. and Shin, J. W. and Stegle, O. and Stratton, M. and Stubbington, M. J. T. and Theis, F. J. and Uhlen, M. and van Oudenaarden, A. and Wagner, A. and Watt, F. and Weissman, J. and Wold, B. and Xavier, R. and Yosef, N. and Human Cell Atlas Meeting, Participants},"
"   title = {The Human Cell Atlas},"
"   journal = {Elife},"
"   volume = {6},"
   ISSN = {2050-084X (Electronic)
"2050-084X (Linking)},"
"   DOI = {10.7554/eLife.27041},"
"   url = {https://www.ncbi.nlm.nih.gov/pubmed/29206104},"
"   year = {2017},"
   type = {Journal Article}
}

"@article{RN104,"
"   author = {Rosenberg, A. and Hirschberg, J. },"
"   title = {Proceedings of the 2007 joint conference on empirical methods in natural language processing and computational natural language learning (EMNLP-CoNLL)},"
"   pages = {410-420},"
"   year = {2007},"
   type = {Journal Article}
}

"@article{RN181,"
"   author = {Rousseeuw, P.J.},"
"   title = {Silhouettes: a graphical aid to the interpretation and validation of cluster analysis},"
"   journal = {Journal of computational and applied mathematics},"
"   volume = {20},"
"   pages = {583-617},"
"   year = {1987},"
   type = {Journal Article}
}

"@article{RN32,"
"   author = {Roweis, S. T. and Saul, L. K.},"
"   title = {Nonlinear dimensionality reduction by locally linear embedding},"
"   journal = {Science},"
"   volume = {290},"
"   number = {5500},"
"   pages = {2323-6},"
   ISSN = {0036-8075 (Print)
"0036-8075 (Linking)},"
"   DOI = {10.1126/science.290.5500.2323},"
"   url = {https://www.ncbi.nlm.nih.gov/pubmed/11125150},"
"   year = {2000},"
   type = {Journal Article}
}

"@article{RN6,"
"   author = {Sakabe, N. J. and Savic, D. and Nobrega, M. A.},"
"   title = {Transcriptional enhancers in development and disease},"
"   journal = {Genome Biol},"
"   volume = {13},"
"   number = {1},"
"   pages = {238},"
   ISSN = {1474-760X (Electronic)
"1474-7596 (Linking)},"
"   DOI = {10.1186/gb-2012-13-1-238},"
"   url = {https://www.ncbi.nlm.nih.gov/pubmed/22269347},"
"   year = {2012},"
   type = {Journal Article}
}

"@article{RN236,"
"   author = {Setty, M. and Tadmor, M. D. and Reich-Zeliger, S. and Angel, O. and Salame, T. M. and Kathail, P. and Choi, K. and Bendall, S. and Friedman, N. and Pe'er, D.},"
"   title = {Wishbone identifies bifurcating developmental trajectories from single-cell data},"
"   journal = {Nat Biotechnol},"
"   volume = {34},"
"   number = {6},"
"   pages = {637-45},"
   ISSN = {1546-1696 (Electronic)
"1087-0156 (Linking)},"
"   DOI = {10.1038/nbt.3569},"
"   url = {https://www.ncbi.nlm.nih.gov/pubmed/27136076},"
"   year = {2016},"
   type = {Journal Article}
}

"@article{RN163,"
"   author = {Shekhar, K. and Lapan, S. W. and Whitney, I. E. and Tran, N. M. and Macosko, E. Z. and Kowalczyk, M. and Adiconis, X. and Levin, J. Z. and Nemesh, J. and Goldman, M. and McCarroll, S. A. and Cepko, C. L. and Regev, A. and Sanes, J. R.},"
"   title = {Comprehensive Classification of Retinal Bipolar Neurons by Single-Cell Transcriptomics},"
"   journal = {Cell},"
"   volume = {166},"
"   number = {5},"
"   pages = {1308-1323 e30},"
   ISSN = {1097-4172 (Electronic)
"0092-8674 (Linking)},"
"   DOI = {10.1016/j.cell.2016.07.054},"
"   url = {https://www.ncbi.nlm.nih.gov/pubmed/27565351},"
"   year = {2016},"
   type = {Journal Article}
}

"@article{RN95,"
"   author = {Srinivasan, S. and Leshchyk, A. and Johnson, N. T. and Korkin, D.},"
"   title = {A hybrid deep clustering approach for robust cell type profiling using single-cell RNA-seq data},"
"   journal = {RNA},"
"   volume = {26},"
"   number = {10},"
"   pages = {1303-1319},"
   ISSN = {1469-9001 (Electronic)
"1355-8382 (Linking)},"
"   DOI = {10.1261/rna.074427.119},"
"   url = {https://www.ncbi.nlm.nih.gov/pubmed/32532794},"
"   year = {2020},"
   type = {Journal Article}
}

"@article{RN2,"
"   author = {Steinhaus, R. and Gonzalez, T. and Seelow, D. and Robinson, P. N.},"
"   title = {Pervasive and CpG-dependent promoter-like characteristics of transcribed enhancers},"
"   journal = {Nucleic Acids Res},"
"   volume = {48},"
"   number = {10},"
"   pages = {5306-5317},"
   ISSN = {1362-4962 (Electronic)
"0305-1048 (Linking)},"
"   DOI = {10.1093/nar/gkaa223},"
"   url = {https://www.ncbi.nlm.nih.gov/pubmed/32338759},"
"   year = {2020},"
   type = {Journal Article}
}

"@article{RN207,"
"   author = {Stoeckius, M. and Hafemeister, C. and Stephenson, W. and Houck-Loomis, B. and Chattopadhyay, P. K. and Swerdlow, H. and Satija, R. and Smibert, P.},"
"   title = {Simultaneous epitope and transcriptome measurement in single cells},"
"   journal = {Nat Methods},"
"   volume = {14},"
"   number = {9},"
"   pages = {865-868},"
   ISSN = {1548-7105 (Electronic)
"1548-7091 (Linking)},"
"   DOI = {10.1038/nmeth.4380},"
"   url = {https://www.ncbi.nlm.nih.gov/pubmed/28759029},"
"   year = {2017},"
   type = {Journal Article}
}

"@article{RN103,"
"   author = {Strehland, A. and Ghosh, J.},"
"   title = {Cluster ensembles---a knowledge reuse framework for combining multiple partitions},"
"   journal = {J Mach Learn Res},"
"   volume = {3},"
"   pages = {583-617},"
"   year = {2002},"
   type = {Journal Article}
}

"@article{RN96,"
"   author = {Stuart, T. and Butler, A. and Hoffman, P. and Hafemeister, C. and Papalexi, E. and Mauck, W. M., 3rd and Hao, Y. and Stoeckius, M. and Smibert, P. and Satija, R.},"
"   title = {Comprehensive Integration of Single-Cell Data},"
"   journal = {Cell},"
"   volume = {177},"
"   number = {7},"
"   pages = {1888-1902 e21},"
   ISSN = {1097-4172 (Electronic)
"0092-8674 (Linking)},"
"   DOI = {10.1016/j.cell.2019.05.031},"
"   url = {https://www.ncbi.nlm.nih.gov/pubmed/31178118},"
"   year = {2019},"
   type = {Journal Article}
}

"@article{RN36,"
"   author = {Subelj, L. and Bajec, M.},"
"   title = {Unfolding communities in large complex networks: combining defensive and offensive label propagation for core extraction},"
"   journal = {Phys Rev E Stat Nonlin Soft Matter Phys},"
"   volume = {83},"
"   number = {3 Pt 2},"
"   pages = {036103},"
   ISSN = {1550-2376 (Electronic)
"1539-3755 (Linking)},"
"   DOI = {10.1103/PhysRevE.83.036103},"
"   url = {https://www.ncbi.nlm.nih.gov/pubmed/21517554},"
"   year = {2011},"
   type = {Journal Article}
}

"@article{RN200,"
"   author = {Subramanian, A. and Tamayo, P. and Mootha, V. K. and Mukherjee, S. and Ebert, B. L. and Gillette, M. A. and Paulovich, A. and Pomeroy, S. L. and Golub, T. R. and Lander, E. S. and Mesirov, J. P.},"
"   title = {Gene set enrichment analysis: a knowledge-based approach for interpreting genome-wide expression profiles},"
"   journal = {Proc Natl Acad Sci U S A},"
"   volume = {102},"
"   number = {43},"
"   pages = {15545-50},"
   ISSN = {0027-8424 (Print)
"0027-8424 (Linking)},"
"   DOI = {10.1073/pnas.0506580102},"
"   url = {https://www.ncbi.nlm.nih.gov/pubmed/16199517},"
"   year = {2005},"
   type = {Journal Article}
}

"@article{RN43,"
"   author = {Sun, S., Zhu, J., Ma, Y. and Zhou, X.},"
"   title = {Accuracy, robustness and scalability of dimensionality reduction methods for single-cell RNA-seq analysis},"
"   journal = {Genome Biol},"
"   volume = {20},"
"   number = {1},"
"   pages = {269},"
   ISSN = {1474-760X (Electronic)
"1474-7596 (Linking)},"
"   DOI = {10.1186/s13059-019-1898-6},"
"   url = {https://www.ncbi.nlm.nih.gov/pubmed/31823809},"
"   year = {2019},"
   type = {Journal Article}
}

"@article{RN143,"
"   author = {Svensson, V. and Gayoso, A. and Yosef, N. and Pachter, L.},"
"   title = {Interpretable factor models of single-cell RNA-seq via variational autoencoders},"
"   journal = {Bioinformatics},"
"   volume = {36},"
"   number = {11},"
"   pages = {3418-3421},"
   ISSN = {1367-4811 (Electronic)
"1367-4803 (Linking)},"
"   DOI = {10.1093/bioinformatics/btaa169},"
"   url = {https://www.ncbi.nlm.nih.gov/pubmed/32176273},"
"   year = {2020},"
   type = {Journal Article}
}

"@article{RN133,"
"   author = {Tian, T., Wan, J., Song, Q. et al.},"
"   title = {Clustering single-cell RNA-seq data with a model-based deep learning approach},"
"   journal = {Nat Mach Intell},"
"   volume = {1},"
"   DOI = { https://doi.org/10.1038/s42256-019-0037-0},"
"   year = {2019},"
   type = {Journal Article}
}

"@article{RN188,"
"   author = {Tirosh, I. and Izar, B. and Prakadan, S. M. and Wadsworth, M. H., 2nd and Treacy, D. and Trombetta, J. J. and Rotem, A. and Rodman, C. and Lian, C. and Murphy, G. and Fallahi-Sichani, M. and Dutton-Regester, K. and Lin, J. R. and Cohen, O. and Shah, P. and Lu, D. and Genshaft, A. S. and Hughes, T. K. and Ziegler, C. G. and Kazer, S. W. and Gaillard, A. and Kolb, K. E. and Villani, A. C. and Johannessen, C. M. and Andreev, A. Y. and Van Allen, E. M. and Bertagnolli, M. and Sorger, P. K. and Sullivan, R. J. and Flaherty, K. T. and Frederick, D. T. and Jane-Valbuena, J. and Yoon, C. H. and Rozenblatt-Rosen, O. and Shalek, A. K. and Regev, A. and Garraway, L. A.},"
"   title = {Dissecting the multicellular ecosystem of metastatic melanoma by single-cell RNA-seq},"
"   journal = {Science},"
"   volume = {352},"
"   number = {6282},"
"   pages = {189-96},"
   ISSN = {1095-9203 (Electronic)
"0036-8075 (Linking)},"
"   DOI = {10.1126/science.aad0501},"
"   url = {https://www.ncbi.nlm.nih.gov/pubmed/27124452},"
"   year = {2016},"
   type = {Journal Article}
}

"@article{RN216,"
"   author = {Tirosh, I. and Venteicher, A. S. and Hebert, C. and Escalante, L. E. and Patel, A. P. and Yizhak, K. and Fisher, J. M. and Rodman, C. and Mount, C. and Filbin, M. G. and Neftel, C. and Desai, N. and Nyman, J. and Izar, B. and Luo, C. C. and Francis, J. M. and Patel, A. A. and Onozato, M. L. and Riggi, N. and Livak, K. J. and Gennert, D. and Satija, R. and Nahed, B. V. and Curry, W. T. and Martuza, R. L. and Mylvaganam, R. and Iafrate, A. J. and Frosch, M. P. and Golub, T. R. and Rivera, M. N. and Getz, G. and Rozenblatt-Rosen, O. and Cahill, D. P. and Monje, M. and Bernstein, B. E. and Louis, D. N. and Regev, A. and Suva, M. L.},"
"   title = {Single-cell RNA-seq supports a developmental hierarchy in human oligodendroglioma},"
"   journal = {Nature},"
"   volume = {539},"
"   number = {7628},"
"   pages = {309-313},"
   ISSN = {1476-4687 (Electronic)
"0028-0836 (Linking)},"
"   DOI = {10.1038/nature20123},"
"   url = {https://www.ncbi.nlm.nih.gov/pubmed/27806376},"
"   year = {2016},"
   type = {Journal Article}
}

"@article{RN156,"
"   author = {Torroja, C. and Sanchez-Cabo, F.},"
"   title = {Digitaldlsorter: Deep-Learning on scRNA-Seq to Deconvolute Gene Expression Data},"
"   journal = {Front Genet},"
"   volume = {10},"
"   pages = {978},"
   ISSN = {1664-8021 (Print)
"1664-8021 (Linking)},"
"   DOI = {10.3389/fgene.2019.00978},"
"   url = {https://www.ncbi.nlm.nih.gov/pubmed/31708961},"
"   year = {2019},"
   type = {Journal Article}
}

"@article{RN37,"
"   author = {Traag, V. A. and Waltman, L. and van Eck, N. J.},"
"   title = {From Louvain to Leiden: guaranteeing well-connected communities},"
"   journal = {Sci Rep},"
"   volume = {9},"
"   number = {1},"
"   pages = {5233},"
   ISSN = {2045-2322 (Electronic)
"2045-2322 (Linking)},"
"   DOI = {10.1038/s41598-019-41695-z},"
"   url = {https://www.ncbi.nlm.nih.gov/pubmed/30914743},"
"   year = {2019},"
   type = {Journal Article}
}

"@article{RN44,"
"   author = {Tran, H. T. N. and Ang, K. S. and Chevrier, M. and Zhang, X. and Lee, N. Y. S. and Goh, M. and Chen, J.},"
"   title = {A benchmark of batch-effect correction methods for single-cell RNA sequencing data},"
"   journal = {Genome Biol},"
"   volume = {21},"
"   number = {1},"
"   pages = {12},"
   ISSN = {1474-760X (Electronic)
"1474-7596 (Linking)},"
"   DOI = {10.1186/s13059-019-1850-9},"
"   url = {https://www.ncbi.nlm.nih.gov/pubmed/31948481},"
"   year = {2020},"
   type = {Journal Article}
}

"@article{RN234,"
"   author = {Tusi, B. K. and Wolock, S. L. and Weinreb, C. and Hwang, Y. and Hidalgo, D. and Zilionis, R. and Waisman, A. and Huh, J. R. and Klein, A. M. and Socolovsky, M.},"
"   title = {Population snapshots predict early haematopoietic and erythroid hierarchies},"
"   journal = {Nature},"
"   volume = {555},"
"   number = {7694},"
"   pages = {54-60},"
   ISSN = {1476-4687 (Electronic)
"0028-0836 (Linking)},"
"   DOI = {10.1038/nature25741},"
"   url = {https://www.ncbi.nlm.nih.gov/pubmed/29466336},"
"   year = {2018},"
   type = {Journal Article}
}

"@article{RN241,"
"   author = {Usoskin, D. and Furlan, A. and Islam, S. and Abdo, H. and Lonnerberg, P. and Lou, D. and Hjerling-Leffler, J. and Haeggstrom, J. and Kharchenko, O. and Kharchenko, P. V. and Linnarsson, S. and Ernfors, P.},"
"   title = {Unbiased classification of sensory neuron types by large-scale single-cell RNA sequencing},"
"   journal = {Nat Neurosci},"
"   volume = {18},"
"   number = {1},"
"   pages = {145-53},"
   ISSN = {1546-1726 (Electronic)
"1097-6256 (Linking)},"
"   DOI = {10.1038/nn.3881},"
"   url = {https://www.ncbi.nlm.nih.gov/pubmed/25420068},"
"   year = {2015},"
   type = {Journal Article}
}

"@article{RN97,"
"   author = {Vallejos, C. A. and Marioni, J. C. and Richardson, S.},"
"   title = {BASiCS: Bayesian Analysis of Single-Cell Sequencing Data},"
"   journal = {PLoS Comput Biol},"
"   volume = {11},"
"   number = {6},"
"   pages = {e1004333},"
   ISSN = {1553-7358 (Electronic)
"1553-734X (Linking)},"
"   DOI = {10.1371/journal.pcbi.1004333},"
"   url = {https://www.ncbi.nlm.nih.gov/pubmed/26107944},"
"   year = {2015},"
   type = {Journal Article}
}

"@article{RN147,"
"   author = {van der Maaten, L. & Hinton, G.},"
"   title = { Visualizing data using t-SNE},"
"   journal = {J. Mach. Learn},"
"   volume = {9},"
"   pages = {2579-2605},"
"   year = {2008},"
   type = {Journal Article}
}

"@article{RN111,"
"   author = {van Dijk, D. and Sharma, R. and Nainys, J. and Yim, K. and Kathail, P. and Carr, A. J. and Burdziak, C. and Moon, K. R. and Chaffer, C. L. and Pattabiraman, D. and Bierie, B. and Mazutis, L. and Wolf, G. and Krishnaswamy, S. and Pe'er, D.},"
"   title = {Recovering Gene Interactions from Single-Cell Data Using Data Diffusion},"
"   journal = {Cell},"
"   volume = {174},"
"   number = {3},"
"   pages = {716-729 e27},"
   ISSN = {1097-4172 (Electronic)
"0092-8674 (Linking)},"
"   DOI = {10.1016/j.cell.2018.05.061},"
"   url = {https://www.ncbi.nlm.nih.gov/pubmed/29961576},"
"   year = {2018},"
   type = {Journal Article}
}

"@article{RN98,"
"   author = {Vitak, S. A. and Torkenczy, K. A. and Rosenkrantz, J. L. and Fields, A. J. and Christiansen, L. and Wong, M. H. and Carbone, L. and Steemers, F. J. and Adey, A.},"
"   title = {Sequencing thousands of single-cell genomes with combinatorial indexing},"
"   journal = {Nat Methods},"
"   volume = {14},"
"   number = {3},"
"   pages = {302-308},"
   ISSN = {1548-7105 (Electronic)
"1548-7091 (Linking)},"
"   DOI = {10.1038/nmeth.4154},"
"   url = {https://www.ncbi.nlm.nih.gov/pubmed/28135258},"
"   year = {2017},"
   type = {Journal Article}
}

"@article{RN7,"
"   author = {Vucenik, I. and Tantivejkul, K. and Zhang, Z. S. and Cole, K. E. and Saied, I. and Shamsuddin, A. M.},"
"   title = {IP6 in treatment of liver cancer. I. IP6 inhibits growth and reverses transformed phenotype in HepG2 human liver cancer cell line},"
"   journal = {Anticancer Res},"
"   volume = {18},"
"   number = {6A},"
"   pages = {4083-90},"
   ISSN = {0250-7005 (Print)
"0250-7005 (Linking)},"
"   url = {https://www.ncbi.nlm.nih.gov/pubmed/9891449},"
"   year = {1998},"
   type = {Journal Article}
}

"@article{RN38,"
"   author = {Wang, B. and Zhu, J. and Pierson, E. and Ramazzotti, D. and Batzoglou, S.},"
"   title = {Visualization and analysis of single-cell RNA-seq data by kernel-based similarity learning},"
"   journal = {Nat Methods},"
"   volume = {14},"
"   number = {4},"
"   pages = {414-416},"
   ISSN = {1548-7105 (Electronic)
"1548-7091 (Linking)},"
"   DOI = {10.1038/nmeth.4207},"
"   url = {https://www.ncbi.nlm.nih.gov/pubmed/28263960},"
"   year = {2017},"
   type = {Journal Article}
}

"@article{RN131,"
"   author = {Wang, D. and Gu, J.},"
"   title = {VASC: Dimension Reduction and Visualization of Single-cell RNA-seq Data by Deep Variational Autoencoder},"
"   journal = {Genomics Proteomics Bioinformatics},"
"   volume = {16},"
"   number = {5},"
"   pages = {320-331},"
   ISSN = {2210-3244 (Electronic)
"1672-0229 (Linking)},"
"   DOI = {10.1016/j.gpb.2018.08.003},"
"   url = {https://www.ncbi.nlm.nih.gov/pubmed/30576740},"
"   year = {2018},"
   type = {Journal Article}
}

"@article{RN123,"
"   author = {Wang, D. and Hou, S. and Zhang, L. and Wang, X. and Liu, B. and Zhang, Z.},"
"   title = {iMAP: integration of multiple single-cell datasets by adversarial paired transfer networks},"
"   journal = {Genome Biol},"
"   volume = {22},"
"   number = {1},"
"   pages = {63},"
   ISSN = {1474-760X (Electronic)
"1474-7596 (Linking)},"
"   DOI = {10.1186/s13059-021-02280-8},"
"   url = {https://www.ncbi.nlm.nih.gov/pubmed/33602306},"
"   year = {2021},"
   type = {Journal Article}
}

"@article{RN204,"
"   author = {Wang, J. and Agarwal, D. and Huang, M. and Hu, G. and Zhou, Z. and Ye, C. and Zhang, N. R.},"
"   title = {Data denoising with transfer learning in single-cell transcriptomics},"
"   journal = {Nat Methods},"
"   volume = {16},"
"   number = {9},"
"   pages = {875-878},"
   ISSN = {1548-7105 (Electronic)
"1548-7091 (Linking)},"
"   DOI = {10.1038/s41592-019-0537-1},"
"   url = {https://www.ncbi.nlm.nih.gov/pubmed/31471617},"
"   year = {2019},"
   type = {Journal Article}
}

"@article{RN157,"
"   author = {Wang, L., Nie, R., Yu, Z. et al.},"
"   title = {An interpretable deep-learning architecture of capsule networks for identifying cell-type gene expression programs from single-cell RNA-sequencing data},"
"   journal = {Nat Mach Intell},"
"   volume = {2},"
"   pages = {693-703},"
"   DOI = {ttps://doi.org/10.1038/s42256-020-00244-4},"
"   year = {2020},"
   type = {Journal Article}
}

"@article{RN183,"
"   author = {Wang, T. and Johnson, T. S. and Shao, W. and Lu, Z. and Helm, B. R. and Zhang, J. and Huang, K.},"
"   title = {BERMUDA: a novel deep transfer learning method for single-cell RNA sequencing batch correction reveals hidden high-resolution cellular subtypes},"
"   journal = {Genome Biol},"
"   volume = {20},"
"   number = {1},"
"   pages = {165},"
   ISSN = {1474-760X (Electronic)
"1474-7596 (Linking)},"
"   DOI = {10.1186/s13059-019-1764-6},"
"   url = {https://www.ncbi.nlm.nih.gov/pubmed/31405383},"
"   year = {2019},"
   type = {Journal Article}
}

"@article{RN197,"
"   author = {Wang, Y. X. and Waterman, M. S. and Huang, H.},"
"   title = {Gene coexpression measures in large heterogeneous samples using count statistics},"
"   journal = {Proc Natl Acad Sci U S A},"
"   volume = {111},"
"   number = {46},"
"   pages = {16371-6},"
   ISSN = {1091-6490 (Electronic)
"0027-8424 (Linking)},"
"   DOI = {10.1073/pnas.1417128111},"
"   url = {https://www.ncbi.nlm.nih.gov/pubmed/25288767},"
"   year = {2014},"
   type = {Journal Article}
}

"@article{RN99,"
"   author = {Wauters, E. and Van Mol, P. and Garg, A. D. and Jansen, S. and Van Herck, Y. and Vanderbeke, L. and Bassez, A. and Boeckx, B. and Malengier-Devlies, B. and Timmerman, A. and Van Brussel, T. and Van Buyten, T. and Schepers, R. and Heylen, E. and Dauwe, D. and Dooms, C. and Gunst, J. and Hermans, G. and Meersseman, P. and Testelmans, D. and Yserbyt, J. and Tejpar, S. and De Wever, W. and Matthys, P. and collaborators, Contagious and Neyts, J. and Wauters, J. and Qian, J. and Lambrechts, D.},"
"   title = {Discriminating mild from critical COVID-19 by innate and adaptive immune single-cell profiling of bronchoalveolar lavages},"
"   journal = {Cell Res},"
"   volume = {31},"
"   number = {3},"
"   pages = {272-290},"
   ISSN = {1748-7838 (Electronic)
"1001-0602 (Linking)},"
"   DOI = {10.1038/s41422-020-00455-9},"
"   url = {https://www.ncbi.nlm.nih.gov/pubmed/33473155},"
"   year = {2021},"
   type = {Journal Article}
}

"@article{RN33,"
"   author = {Welch, J. D. and Hartemink, A. J. and Prins, J. F.},"
"   title = {SLICER: inferring branched, nonlinear cellular trajectories from single cell RNA-seq data},"
"   journal = {Genome Biol},"
"   volume = {17},"
"   number = {1},"
"   pages = {106},"
   ISSN = {1474-760X (Electronic)
"1474-7596 (Linking)},"
"   DOI = {10.1186/s13059-016-0975-3},"
"   url = {https://www.ncbi.nlm.nih.gov/pubmed/27215581},"
"   year = {2016},"
   type = {Journal Article}
}

"@article{RN100,"
"   author = {Wolf, F. A. and Angerer, P. and Theis, F. J.},"
"   title = {SCANPY: large-scale single-cell gene expression data analysis},"
"   journal = {Genome Biol},"
"   volume = {19},"
"   number = {1},"
"   pages = {15},"
   ISSN = {1474-760X (Electronic)
"1474-7596 (Linking)},"
"   DOI = {10.1186/s13059-017-1382-0},"
"   url = {https://www.ncbi.nlm.nih.gov/pubmed/29409532},"
"   year = {2018},"
   type = {Journal Article}
}

"@article{RN191,"
"   author = {Wolock, S. L. and Lopez, R. and Klein, A. M.},"
"   title = {Scrublet: Computational Identification of Cell Doublets in Single-Cell Transcriptomic Data},"
"   journal = {Cell Syst},"
"   volume = {8},"
"   number = {4},"
"   pages = {281-291 e9},"
   ISSN = {2405-4720 (Electronic)
"2405-4712 (Linking)},"
"   DOI = {10.1016/j.cels.2018.11.005},"
"   url = {https://www.ncbi.nlm.nih.gov/pubmed/30954476},"
"   year = {2019},"
   type = {Journal Article}
}

"@article{RN101,"
"   author = {Wu, H. and Wang, C. and Wu, S.},"
"   title = {Single-Cell Sequencing for Drug Discovery and Drug Development},"
"   journal = {Curr Top Med Chem},"
"   volume = {17},"
"   number = {15},"
"   pages = {1769-1777},"
   ISSN = {1873-4294 (Electronic)
"1568-0266 (Linking)},"
"   DOI = {10.2174/1568026617666161116145358},"
"   url = {https://www.ncbi.nlm.nih.gov/pubmed/27848892},"
"   year = {2017},"
   type = {Journal Article}
}

"@inproceedings{RN253,"
"   author = {Xie, Junyuan and Girshick, Ross and Farhadi, Ali},"
"   title = {Unsupervised deep embedding for clustering analysis},"
"   booktitle = {International conference on machine learning},"
"   publisher = {PMLR},"
"   pages = {478-487},"
   type = {Conference Proceedings}
}

"@article{RN222,"
"   author = {Xin, Y. and Kim, J. and Okamoto, H. and Ni, M. and Wei, Y. and Adler, C. and Murphy, A. J. and Yancopoulos, G. D. and Lin, C. and Gromada, J.},"
"   title = {RNA Sequencing of Single Human Islet Cells Reveals Type 2 Diabetes Genes},"
"   journal = {Cell Metab},"
"   volume = {24},"
"   number = {4},"
"   pages = {608-615},"
   ISSN = {1932-7420 (Electronic)
"1550-4131 (Linking)},"
"   DOI = {10.1016/j.cmet.2016.08.018},"
"   url = {https://www.ncbi.nlm.nih.gov/pubmed/27667665},"
"   year = {2016},"
   type = {Journal Article}
}

"@article{RN169,"
"   author = {Xu, C. and Lopez, R. and Mehlman, E. and Regier, J. and Jordan, M. I. and Yosef, N.},"
"   title = {Probabilistic harmonization and annotation of single-cell transcriptomics data with deep generative models},"
"   journal = {Mol Syst Biol},"
"   volume = {17},"
"   number = {1},"
"   pages = {e9620},"
   ISSN = {1744-4292 (Electronic)
"1744-4292 (Linking)},"
"   DOI = {10.15252/msb.20209620},"
"   url = {https://www.ncbi.nlm.nih.gov/pubmed/33491336},"
"   year = {2021},"
   type = {Journal Article}
}

"@article{RN102,"
"   author = {Xu, Y. and Zhang, Z. and You, L. and Liu, J. and Fan, Z. and Zhou, X.},"
"   title = {scIGANs: single-cell RNA-seq imputation using generative adversarial networks},"
"   journal = {Nucleic Acids Res},"
"   volume = {48},"
"   number = {15},"
"   pages = {e85},"
   ISSN = {1362-4962 (Electronic)
"0305-1048 (Linking)},"
"   DOI = {10.1093/nar/gkaa506},"
"   url = {https://www.ncbi.nlm.nih.gov/pubmed/32588900},"
"   year = {2020},"
   type = {Journal Article}
}

"@article{RN223,"
"   author = {Yan, L. and Yang, M. and Guo, H. and Yang, L. and Wu, J. and Li, R. and Liu, P. and Lian, Y. and Zheng, X. and Yan, J. and Huang, J. and Li, M. and Wu, X. and Wen, L. and Lao, K. and Li, R. and Qiao, J. and Tang, F.},"
"   title = {Single-cell RNA-Seq profiling of human preimplantation embryos and embryonic stem cells},"
"   journal = {Nat Struct Mol Biol},"
"   volume = {20},"
"   number = {9},"
"   pages = {1131-9},"
   ISSN = {1545-9985 (Electronic)
"1545-9985 (Linking)},"
"   DOI = {10.1038/nsmb.2660},"
"   url = {https://www.ncbi.nlm.nih.gov/pubmed/23934149},"
"   year = {2013},"
   type = {Journal Article}
}

"@article{RN196,"
"   author = {Yevshin, I. and Sharipov, R. and Valeev, T. and Kel, A. and Kolpakov, F.},"
"   title = {GTRD: a database of transcription factor binding sites identified by ChIP-seq experiments},"
"   journal = {Nucleic Acids Res},"
"   volume = {45},"
"   number = {D1},"
"   pages = {D61-D67},"
   ISSN = {1362-4962 (Electronic)
"0305-1048 (Linking)},"
"   DOI = {10.1093/nar/gkw951},"
"   url = {https://www.ncbi.nlm.nih.gov/pubmed/27924024},"
"   year = {2017},"
   type = {Journal Article}
}

"@article{RN248,"
"   author = {Yoshihara, K. and Shahmoradgoli, M. and Martinez, E. and Vegesna, R. and Kim, H. and Torres-Garcia, W. and Trevino, V. and Shen, H. and Laird, P. W. and Levine, D. A. and Carter, S. L. and Getz, G. and Stemke-Hale, K. and Mills, G. B. and Verhaak, R. G.},"
"   title = {Inferring tumour purity and stromal and immune cell admixture from expression data},"
"   journal = {Nat Commun},"
"   volume = {4},"
"   pages = {2612},"
   ISSN = {2041-1723 (Electronic)
"2041-1723 (Linking)},"
"   DOI = {10.1038/ncomms3612},"
"   url = {https://www.ncbi.nlm.nih.gov/pubmed/24113773},"
"   year = {2013},"
   type = {Journal Article}
}

"@article{RN109,"
"   author = {Yu, B. and Chen, C. and Qi, R. and Zheng, R. and Skillman-Lawrence, P. J. and Wang, X. and Ma, A. and Gu, H.},"
"   title = {scGMAI: a Gaussian mixture model for clustering single-cell RNA-Seq data based on deep autoencoder},"
"   journal = {Brief Bioinform},"
   ISSN = {1477-4054 (Electronic)
"1467-5463 (Linking)},"
"   DOI = {10.1093/bib/bbaa316},"
"   url = {https://www.ncbi.nlm.nih.gov/pubmed/33300547},"
"   year = {2020},"
   type = {Journal Article}
}

"@article{RN231,"
"   author = {Yu, Z. and Liao, J. and Chen, Y. and Zou, C. and Zhang, H. and Cheng, J. and Liu, D. and Li, T. and Zhang, Q. and Li, J. and Yang, X. and Ye, Y. and Huang, Z. and Long, X. and Yang, R. and Mo, Z.},"
"   title = {Single-Cell Transcriptomic Map of the Human and Mouse Bladders},"
"   journal = {J Am Soc Nephrol},"
"   volume = {30},"
"   number = {11},"
"   pages = {2159-2176},"
   ISSN = {1533-3450 (Electronic)
"1046-6673 (Linking)},"
"   DOI = {10.1681/ASN.2019040335},"
"   url = {https://www.ncbi.nlm.nih.gov/pubmed/31462402},"
"   year = {2019},"
   type = {Journal Article}
}

"@article{RN174,"
"   author = {Yuan, Y. and Bar-Joseph, Z.},"
"   title = {Deep learning for inferring gene relationships from single-cell expression data},"
"   journal = {Proc Natl Acad Sci U S A},"
   ISSN = {1091-6490 (Electronic)
"0027-8424 (Linking)},"
"   DOI = {10.1073/pnas.1911536116},"
"   url = {https://www.ncbi.nlm.nih.gov/pubmed/31822622},"
"   year = {2019},"
   type = {Journal Article}
}

"@article{RN189,"
"   author = {Zahn, H. and Steif, A. and Laks, E. and Eirew, P. and VanInsberghe, M. and Shah, S. P. and Aparicio, S. and Hansen, C. L.},"
"   title = {Scalable whole-genome single-cell library preparation without preamplification},"
"   journal = {Nat Methods},"
"   volume = {14},"
"   number = {2},"
"   pages = {167-173},"
   ISSN = {1548-7105 (Electronic)
"1548-7091 (Linking)},"
"   DOI = {10.1038/nmeth.4140},"
"   url = {https://www.ncbi.nlm.nih.gov/pubmed/28068316},"
"   year = {2017},"
   type = {Journal Article}
}

"@article{RN190,"
"   author = {Zappia, L. and Phipson, B. and Oshlack, A.},"
"   title = {Splatter: simulation of single-cell RNA sequencing data},"
"   journal = {Genome Biol},"
"   volume = {18},"
"   number = {1},"
"   pages = {174},"
   ISSN = {1474-760X (Electronic)
"1474-7596 (Linking)},"
"   DOI = {10.1186/s13059-017-1305-0},"
"   url = {https://www.ncbi.nlm.nih.gov/pubmed/28899397},"
"   year = {2017},"
   type = {Journal Article}
}

"@article{RN240,"
"   author = {Zeisel, A. and Munoz-Manchado, A. B. and Codeluppi, S. and Lonnerberg, P. and La Manno, G. and Jureus, A. and Marques, S. and Munguba, H. and He, L. and Betsholtz, C. and Rolny, C. and Castelo-Branco, G. and Hjerling-Leffler, J. and Linnarsson, S.},"
"   title = {Brain structure. Cell types in the mouse cortex and hippocampus revealed by single-cell RNA-seq},"
"   journal = {Science},"
"   volume = {347},"
"   number = {6226},"
"   pages = {1138-42},"
   ISSN = {1095-9203 (Electronic)
"0036-8075 (Linking)},"
"   DOI = {10.1126/science.aaa1934},"
"   url = {https://www.ncbi.nlm.nih.gov/pubmed/25700174},"
"   year = {2015},"
   type = {Journal Article}
}

"@article{RN161,"
"   author = {Zheng, G. X. and Terry, J. M. and Belgrader, P. and Ryvkin, P. and Bent, Z. W. and Wilson, R. and Ziraldo, S. B. and Wheeler, T. D. and McDermott, G. P. and Zhu, J. and Gregory, M. T. and Shuga, J. and Montesclaros, L. and Underwood, J. G. and Masquelier, D. A. and Nishimura, S. Y. and Schnall-Levin, M. and Wyatt, P. W. and Hindson, C. M. and Bharadwaj, R. and Wong, A. and Ness, K. D. and Beppu, L. W. and Deeg, H. J. and McFarland, C. and Loeb, K. R. and Valente, W. J. and Ericson, N. G. and Stevens, E. A. and Radich, J. P. and Mikkelsen, T. S. and Hindson, B. J. and Bielas, J. H.},"
"   title = {Massively parallel digital transcriptional profiling of single cells},"
"   journal = {Nat Commun},"
"   volume = {8},"
"   pages = {14049},"
   ISSN = {2041-1723 (Electronic)
"2041-1723 (Linking)},"
"   DOI = {10.1038/ncomms14049},"
"   url = {https://www.ncbi.nlm.nih.gov/pubmed/28091601},"
"   year = {2017},"
   type = {Journal Article}
}
